[
  {
    "Tax Effect Of Unusual Items": 0.0,
    "Tax Rate For Calcs": 0.241,
    "Normalized EBITDA": 134661000000.0,
    "Net Income From Continuing Operation Net Minority Interest": 93736000000.0,
    "Reconciled Depreciation": 11445000000.0,
    "Reconciled Cost Of Revenue": 210352000000.0,
    "EBITDA": 134661000000.0,
    "EBIT": 123216000000.0,
    "Net Interest Income": NaN,
    "Interest Expense": NaN,
    "Interest Income": NaN,
    "Normalized Income": 93736000000.0,
    "Net Income From Continuing And Discontinued Operation": 93736000000.0,
    "Total Expenses": 267819000000.0,
    "Total Operating Income As Reported": 123216000000.0,
    "Diluted Average Shares": 15408095000.0,
    "Basic Average Shares": 15343783000.0,
    "Diluted EPS": 6.08,
    "Basic EPS": 6.11,
    "Diluted NI Availto Com Stockholders": 93736000000.0,
    "Net Income Common Stockholders": 93736000000.0,
    "Net Income": 93736000000.0,
    "Net Income Including Noncontrolling Interests": 93736000000.0,
    "Net Income Continuous Operations": 93736000000.0,
    "Tax Provision": 29749000000.0,
    "Pretax Income": 123485000000.0,
    "Other Income Expense": 269000000.0,
    "Other Non Operating Income Expenses": 269000000.0,
    "Net Non Operating Interest Income Expense": NaN,
    "Interest Expense Non Operating": NaN,
    "Interest Income Non Operating": NaN,
    "Operating Income": 123216000000.0,
    "Operating Expense": 57467000000.0,
    "Research And Development": 31370000000.0,
    "Selling General And Administration": 26097000000.0,
    "Gross Profit": 180683000000.0,
    "Cost Of Revenue": 210352000000.0,
    "Total Revenue": 391035000000.0,
    "Operating Revenue": 391035000000.0,
    "symbol": "AAPL",
    "date": "2024-09-30"
  },
  {
    "Tax Effect Of Unusual Items": 0.0,
    "Tax Rate For Calcs": 0.147,
    "Normalized EBITDA": 125820000000.0,
    "Net Income From Continuing Operation Net Minority Interest": 96995000000.0,
    "Reconciled Depreciation": 11519000000.0,
    "Reconciled Cost Of Revenue": 214137000000.0,
    "EBITDA": 125820000000.0,
    "EBIT": 114301000000.0,
    "Net Interest Income": -183000000.0,
    "Interest Expense": 3933000000.0,
    "Interest Income": 3750000000.0,
    "Normalized Income": 96995000000.0,
    "Net Income From Continuing And Discontinued Operation": 96995000000.0,
    "Total Expenses": 268984000000.0,
    "Total Operating Income As Reported": 114301000000.0,
    "Diluted Average Shares": 15812547000.0,
    "Basic Average Shares": 15744231000.0,
    "Diluted EPS": 6.13,
    "Basic EPS": 6.16,
    "Diluted NI Availto Com Stockholders": 96995000000.0,
    "Net Income Common Stockholders": 96995000000.0,
    "Net Income": 96995000000.0,
    "Net Income Including Noncontrolling Interests": 96995000000.0,
    "Net Income Continuous Operations": 96995000000.0,
    "Tax Provision": 16741000000.0,
    "Pretax Income": 113736000000.0,
    "Other Income Expense": -565000000.0,
    "Other Non Operating Income Expenses": -565000000.0,
    "Net Non Operating Interest Income Expense": -183000000.0,
    "Interest Expense Non Operating": 3933000000.0,
    "Interest Income Non Operating": 3750000000.0,
    "Operating Income": 114301000000.0,
    "Operating Expense": 54847000000.0,
    "Research And Development": 29915000000.0,
    "Selling General And Administration": 24932000000.0,
    "Gross Profit": 169148000000.0,
    "Cost Of Revenue": 214137000000.0,
    "Total Revenue": 383285000000.0,
    "Operating Revenue": 383285000000.0,
    "symbol": "AAPL",
    "date": "2023-09-30"
  },
  {
    "Tax Effect Of Unusual Items": 0.0,
    "Tax Rate For Calcs": 0.162,
    "Normalized EBITDA": 130541000000.0,
    "Net Income From Continuing Operation Net Minority Interest": 99803000000.0,
    "Reconciled Depreciation": 11104000000.0,
    "Reconciled Cost Of Revenue": 223546000000.0,
    "EBITDA": 130541000000.0,
    "EBIT": 119437000000.0,
    "Net Interest Income": -106000000.0,
    "Interest Expense": 2931000000.0,
    "Interest Income": 2825000000.0,
    "Normalized Income": 99803000000.0,
    "Net Income From Continuing And Discontinued Operation": 99803000000.0,
    "Total Expenses": 274891000000.0,
    "Total Operating Income As Reported": 119437000000.0,
    "Diluted Average Shares": 16325819000.0,
    "Basic Average Shares": 16215963000.0,
    "Diluted EPS": 6.11,
    "Basic EPS": 6.15,
    "Diluted NI Availto Com Stockholders": 99803000000.0,
    "Net Income Common Stockholders": 99803000000.0,
    "Net Income": 99803000000.0,
    "Net Income Including Noncontrolling Interests": 99803000000.0,
    "Net Income Continuous Operations": 99803000000.0,
    "Tax Provision": 19300000000.0,
    "Pretax Income": 119103000000.0,
    "Other Income Expense": -334000000.0,
    "Other Non Operating Income Expenses": -334000000.0,
    "Net Non Operating Interest Income Expense": -106000000.0,
    "Interest Expense Non Operating": 2931000000.0,
    "Interest Income Non Operating": 2825000000.0,
    "Operating Income": 119437000000.0,
    "Operating Expense": 51345000000.0,
    "Research And Development": 26251000000.0,
    "Selling General And Administration": 25094000000.0,
    "Gross Profit": 170782000000.0,
    "Cost Of Revenue": 223546000000.0,
    "Total Revenue": 394328000000.0,
    "Operating Revenue": 394328000000.0,
    "symbol": "AAPL",
    "date": "2022-09-30"
  },
  {
    "Tax Effect Of Unusual Items": 0.0,
    "Tax Rate For Calcs": 0.133,
    "Normalized EBITDA": 123136000000.0,
    "Net Income From Continuing Operation Net Minority Interest": 94680000000.0,
    "Reconciled Depreciation": 11284000000.0,
    "Reconciled Cost Of Revenue": 212981000000.0,
    "EBITDA": 123136000000.0,
    "EBIT": 111852000000.0,
    "Net Interest Income": 198000000.0,
    "Interest Expense": 2645000000.0,
    "Interest Income": 2843000000.0,
    "Normalized Income": 94680000000.0,
    "Net Income From Continuing And Discontinued Operation": 94680000000.0,
    "Total Expenses": 256868000000.0,
    "Total Operating Income As Reported": 108949000000.0,
    "Diluted Average Shares": 16864919000.0,
    "Basic Average Shares": 16701272000.0,
    "Diluted EPS": 5.61,
    "Basic EPS": 5.67,
    "Diluted NI Availto Com Stockholders": 94680000000.0,
    "Net Income Common Stockholders": 94680000000.0,
    "Net Income": 94680000000.0,
    "Net Income Including Noncontrolling Interests": 94680000000.0,
    "Net Income Continuous Operations": 94680000000.0,
    "Tax Provision": 14527000000.0,
    "Pretax Income": 109207000000.0,
    "Other Income Expense": 60000000.0,
    "Other Non Operating Income Expenses": 60000000.0,
    "Net Non Operating Interest Income Expense": 198000000.0,
    "Interest Expense Non Operating": 2645000000.0,
    "Interest Income Non Operating": 2843000000.0,
    "Operating Income": 108949000000.0,
    "Operating Expense": 43887000000.0,
    "Research And Development": 21914000000.0,
    "Selling General And Administration": 21973000000.0,
    "Gross Profit": 152836000000.0,
    "Cost Of Revenue": 212981000000.0,
    "Total Revenue": 365817000000.0,
    "Operating Revenue": 365817000000.0,
    "symbol": "AAPL",
    "date": "2021-09-30"
  },
  {
    "Tax Effect Of Unusual Items": NaN,
    "Tax Rate For Calcs": NaN,
    "Normalized EBITDA": NaN,
    "Net Income From Continuing Operation Net Minority Interest": NaN,
    "Reconciled Depreciation": NaN,
    "Reconciled Cost Of Revenue": NaN,
    "EBITDA": NaN,
    "EBIT": NaN,
    "Net Interest Income": 890000000.0,
    "Interest Expense": 2873000000.0,
    "Interest Income": 3763000000.0,
    "Normalized Income": NaN,
    "Net Income From Continuing And Discontinued Operation": NaN,
    "Total Expenses": NaN,
    "Total Operating Income As Reported": NaN,
    "Diluted Average Shares": NaN,
    "Basic Average Shares": NaN,
    "Diluted EPS": NaN,
    "Basic EPS": NaN,
    "Diluted NI Availto Com Stockholders": NaN,
    "Net Income Common Stockholders": NaN,
    "Net Income": NaN,
    "Net Income Including Noncontrolling Interests": NaN,
    "Net Income Continuous Operations": NaN,
    "Tax Provision": NaN,
    "Pretax Income": NaN,
    "Other Income Expense": NaN,
    "Other Non Operating Income Expenses": NaN,
    "Net Non Operating Interest Income Expense": 890000000.0,
    "Interest Expense Non Operating": 2873000000.0,
    "Interest Income Non Operating": 3763000000.0,
    "Operating Income": NaN,
    "Operating Expense": NaN,
    "Research And Development": NaN,
    "Selling General And Administration": NaN,
    "Gross Profit": NaN,
    "Cost Of Revenue": NaN,
    "Total Revenue": NaN,
    "Operating Revenue": NaN,
    "symbol": "AAPL",
    "date": "2020-09-30"
  },
  {
    "Tax Effect Of Unusual Items": -99918000.0,
    "Tax Rate For Calcs": 0.182,
    "Normalized EBITDA": 133558000000.0,
    "Total Unusual Items": -549000000.0,
    "Total Unusual Items Excluding Goodwill": -549000000.0,
    "Net Income From Continuing Operation Net Minority Interest": 88136000000.0,
    "Reconciled Depreciation": 22287000000.0,
    "Reconciled Cost Of Revenue": 74114000000.0,
    "EBITDA": 133009000000.0,
    "EBIT": 110722000000.0,
    "Net Interest Income": 222000000.0,
    "Interest Expense": 2935000000.0,
    "Interest Income": 3157000000.0,
    "Normalized Income": 88585082000.0,
    "Net Income From Continuing And Discontinued Operation": 88136000000.0,
    "Total Expenses": 135689000000.0,
    "Total Operating Income As Reported": 109433000000.0,
    "Diluted Average Shares": 7469000000.0,
    "Basic Average Shares": 7431000000.0,
    "Diluted EPS": 11.8,
    "Basic EPS": 11.86,
    "Diluted NI Availto Com Stockholders": 88136000000.0,
    "Net Income Common Stockholders": 88136000000.0,
    "Net Income": 88136000000.0,
    "Net Income Including Noncontrolling Interests": 88136000000.0,
    "Net Income Continuous Operations": 88136000000.0,
    "Tax Provision": 19651000000.0,
    "Pretax Income": 107787000000.0,
    "Other Income Expense": -1868000000.0,
    "Other Non Operating Income Expenses": -1319000000.0,
    "Special Income Charges": -206000000.0,
    "Write Off": 206000000.0,
    "Gain On Sale Of Security": -343000000.0,
    "Net Non Operating Interest Income Expense": 222000000.0,
    "Interest Expense Non Operating": 2935000000.0,
    "Interest Income Non Operating": 3157000000.0,
    "Operating Income": 109433000000.0,
    "Operating Expense": 61575000000.0,
    "Research And Development": 29510000000.0,
    "Selling General And Administration": 32065000000.0,
    "Selling And Marketing Expense": 24456000000.0,
    "General And Administrative Expense": 7609000000.0,
    "Other Gand A": 7609000000.0,
    "Gross Profit": 171008000000.0,
    "Cost Of Revenue": 74114000000.0,
    "Total Revenue": 245122000000.0,
    "Operating Revenue": 245122000000.0,
    "symbol": "MSFT",
    "date": "2024-06-30"
  },
  {
    "Tax Effect Of Unusual Items": -2850000.0,
    "Tax Rate For Calcs": 0.19,
    "Normalized EBITDA": 105155000000.0,
    "Total Unusual Items": -15000000.0,
    "Total Unusual Items Excluding Goodwill": -15000000.0,
    "Net Income From Continuing Operation Net Minority Interest": 72361000000.0,
    "Reconciled Depreciation": 13861000000.0,
    "Reconciled Cost Of Revenue": 65863000000.0,
    "EBITDA": 105140000000.0,
    "EBIT": 91279000000.0,
    "Net Interest Income": 1026000000.0,
    "Interest Expense": 1968000000.0,
    "Interest Income": 2994000000.0,
    "Normalized Income": 72373150000.0,
    "Net Income From Continuing And Discontinued Operation": 72361000000.0,
    "Total Expenses": 123392000000.0,
    "Total Operating Income As Reported": 88523000000.0,
    "Diluted Average Shares": 7472000000.0,
    "Basic Average Shares": 7446000000.0,
    "Diluted EPS": 9.68,
    "Basic EPS": 9.72,
    "Diluted NI Availto Com Stockholders": 72361000000.0,
    "Net Income Common Stockholders": 72361000000.0,
    "Net Income": 72361000000.0,
    "Net Income Including Noncontrolling Interests": 72361000000.0,
    "Net Income Continuous Operations": 72361000000.0,
    "Tax Provision": 16950000000.0,
    "Pretax Income": 89311000000.0,
    "Other Income Expense": -238000000.0,
    "Other Non Operating Income Expenses": -223000000.0,
    "Special Income Charges": -30000000.0,
    "Write Off": 30000000.0,
    "Gain On Sale Of Security": 15000000.0,
    "Net Non Operating Interest Income Expense": 1026000000.0,
    "Interest Expense Non Operating": 1968000000.0,
    "Interest Income Non Operating": 2994000000.0,
    "Operating Income": 88523000000.0,
    "Operating Expense": 57529000000.0,
    "Research And Development": 27195000000.0,
    "Selling General And Administration": 30334000000.0,
    "Selling And Marketing Expense": 22759000000.0,
    "General And Administrative Expense": 7575000000.0,
    "Other Gand A": 7575000000.0,
    "Gross Profit": 146052000000.0,
    "Cost Of Revenue": 65863000000.0,
    "Total Revenue": 211915000000.0,
    "Operating Revenue": 211915000000.0,
    "symbol": "MSFT",
    "date": "2023-06-30"
  },
  {
    "Tax Effect Of Unusual Items": 43754000.0,
    "Tax Rate For Calcs": 0.131,
    "Normalized EBITDA": 99905000000.0,
    "Total Unusual Items": 334000000.0,
    "Total Unusual Items Excluding Goodwill": 334000000.0,
    "Net Income From Continuing Operation Net Minority Interest": 72738000000.0,
    "Reconciled Depreciation": 14460000000.0,
    "Reconciled Cost Of Revenue": 62650000000.0,
    "EBITDA": 100239000000.0,
    "EBIT": 85779000000.0,
    "Net Interest Income": 31000000.0,
    "Interest Expense": 2063000000.0,
    "Interest Income": 2094000000.0,
    "Normalized Income": 72447754000.0,
    "Net Income From Continuing And Discontinued Operation": 72738000000.0,
    "Total Expenses": 114887000000.0,
    "Total Operating Income As Reported": 83383000000.0,
    "Diluted Average Shares": 7540000000.0,
    "Basic Average Shares": 7496000000.0,
    "Diluted EPS": 9.65,
    "Basic EPS": 9.7,
    "Diluted NI Availto Com Stockholders": 72738000000.0,
    "Net Income Common Stockholders": 72738000000.0,
    "Net Income": 72738000000.0,
    "Net Income Including Noncontrolling Interests": 72738000000.0,
    "Net Income Continuous Operations": 72738000000.0,
    "Tax Provision": 10978000000.0,
    "Pretax Income": 83716000000.0,
    "Other Income Expense": 302000000.0,
    "Other Non Operating Income Expenses": -32000000.0,
    "Special Income Charges": -101000000.0,
    "Write Off": 101000000.0,
    "Gain On Sale Of Security": 435000000.0,
    "Net Non Operating Interest Income Expense": 31000000.0,
    "Interest Expense Non Operating": 2063000000.0,
    "Interest Income Non Operating": 2094000000.0,
    "Operating Income": 83383000000.0,
    "Operating Expense": 52237000000.0,
    "Research And Development": 24512000000.0,
    "Selling General And Administration": 27725000000.0,
    "Selling And Marketing Expense": 21825000000.0,
    "General And Administrative Expense": 5900000000.0,
    "Other Gand A": 5900000000.0,
    "Gross Profit": 135620000000.0,
    "Cost Of Revenue": 62650000000.0,
    "Total Revenue": 198270000000.0,
    "Operating Revenue": 198270000000.0,
    "symbol": "MSFT",
    "date": "2022-06-30"
  },
  {
    "Tax Effect Of Unusual Items": 180160797.164637,
    "Tax Rate For Calcs": 0.138266,
    "Normalized EBITDA": 83831000000.0,
    "Total Unusual Items": 1303000000.0,
    "Total Unusual Items Excluding Goodwill": 1303000000.0,
    "Net Income From Continuing Operation Net Minority Interest": 61271000000.0,
    "Reconciled Depreciation": 11686000000.0,
    "Reconciled Cost Of Revenue": 52232000000.0,
    "EBITDA": 85134000000.0,
    "EBIT": 73448000000.0,
    "Net Interest Income": -215000000.0,
    "Interest Expense": 2346000000.0,
    "Interest Income": 2131000000.0,
    "Normalized Income": 60148160797.164635,
    "Net Income From Continuing And Discontinued Operation": 61271000000.0,
    "Total Expenses": 98172000000.0,
    "Total Operating Income As Reported": 69916000000.0,
    "Diluted Average Shares": 7608000000.0,
    "Basic Average Shares": 7547000000.0,
    "Diluted EPS": 8.05,
    "Basic EPS": 8.12,
    "Diluted NI Availto Com Stockholders": 61271000000.0,
    "Net Income Common Stockholders": 61271000000.0,
    "Net Income": 61271000000.0,
    "Net Income Including Noncontrolling Interests": 61271000000.0,
    "Net Income Continuous Operations": 61271000000.0,
    "Tax Provision": 9831000000.0,
    "Pretax Income": 71102000000.0,
    "Other Income Expense": 1401000000.0,
    "Other Non Operating Income Expenses": 98000000.0,
    "Special Income Charges": -13000000.0,
    "Write Off": 13000000.0,
    "Gain On Sale Of Security": 1316000000.0,
    "Net Non Operating Interest Income Expense": -215000000.0,
    "Interest Expense Non Operating": 2346000000.0,
    "Interest Income Non Operating": 2131000000.0,
    "Operating Income": 69916000000.0,
    "Operating Expense": 45940000000.0,
    "Research And Development": 20716000000.0,
    "Selling General And Administration": 25224000000.0,
    "Selling And Marketing Expense": 20117000000.0,
    "General And Administrative Expense": 5107000000.0,
    "Other Gand A": 5107000000.0,
    "Gross Profit": 115856000000.0,
    "Cost Of Revenue": 52232000000.0,
    "Total Revenue": 168088000000.0,
    "Operating Revenue": 168088000000.0,
    "symbol": "MSFT",
    "date": "2021-06-30"
  },
  {
    "Tax Effect Of Unusual Items": 370968000.0,
    "Tax Rate For Calcs": 0.164,
    "Normalized EBITDA": 133132000000.0,
    "Total Unusual Items": 2262000000.0,
    "Total Unusual Items Excluding Goodwill": 2262000000.0,
    "Net Income From Continuing Operation Net Minority Interest": 100118000000.0,
    "Reconciled Depreciation": 15311000000.0,
    "Reconciled Cost Of Revenue": 146306000000.0,
    "EBITDA": 135394000000.0,
    "EBIT": 120083000000.0,
    "Net Interest Income": 4214000000.0,
    "Interest Expense": 268000000.0,
    "Interest Income": 4482000000.0,
    "Normalized Income": 98226968000.0,
    "Net Income From Continuing And Discontinued Operation": 100118000000.0,
    "Total Expenses": 237628000000.0,
    "Total Operating Income As Reported": 112390000000.0,
    "Diluted Average Shares": 12447000000.0,
    "Basic Average Shares": 12319000000.0,
    "Diluted EPS": 8.04,
    "Basic EPS": 8.13,
    "Diluted NI Availto Com Stockholders": 100118000000.0,
    "Net Income Common Stockholders": 100118000000.0,
    "Net Income": 100118000000.0,
    "Net Income Including Noncontrolling Interests": 100118000000.0,
    "Net Income Continuous Operations": 100118000000.0,
    "Tax Provision": 19697000000.0,
    "Pretax Income": 119815000000.0,
    "Other Income Expense": 3211000000.0,
    "Other Non Operating Income Expenses": 1137000000.0,
    "Special Income Charges": NaN,
    "Earnings From Equity Interest": -188000000.0,
    "Gain On Sale Of Security": 2262000000.0,
    "Net Non Operating Interest Income Expense": 4214000000.0,
    "Interest Expense Non Operating": 268000000.0,
    "Interest Income Non Operating": 4482000000.0,
    "Operating Income": 112390000000.0,
    "Operating Expense": 91322000000.0,
    "Research And Development": 49326000000.0,
    "Selling General And Administration": 41996000000.0,
    "Selling And Marketing Expense": 27808000000.0,
    "General And Administrative Expense": 14188000000.0,
    "Other Gand A": 14188000000.0,
    "Gross Profit": 203712000000.0,
    "Cost Of Revenue": 146306000000.0,
    "Total Revenue": 350018000000.0,
    "Operating Revenue": 350018000000.0,
    "symbol": "GOOGL",
    "date": "2024-12-31"
  },
  {
    "Tax Effect Of Unusual Items": -286479000.0,
    "Tax Rate For Calcs": 0.139,
    "Normalized EBITDA": 100032000000.0,
    "Total Unusual Items": -2061000000.0,
    "Total Unusual Items Excluding Goodwill": -2061000000.0,
    "Net Income From Continuing Operation Net Minority Interest": 73795000000.0,
    "Reconciled Depreciation": 11946000000.0,
    "Reconciled Cost Of Revenue": 133332000000.0,
    "EBITDA": 97971000000.0,
    "EBIT": 86025000000.0,
    "Net Interest Income": 3557000000.0,
    "Interest Expense": 308000000.0,
    "Interest Income": 3865000000.0,
    "Normalized Income": 75569521000.0,
    "Net Income From Continuing And Discontinued Operation": 73795000000.0,
    "Total Expenses": 223101000000.0,
    "Total Operating Income As Reported": 84293000000.0,
    "Diluted Average Shares": 12722000000.0,
    "Basic Average Shares": 12630000000.0,
    "Diluted EPS": 5.8,
    "Basic EPS": 5.84,
    "Diluted NI Availto Com Stockholders": 73795000000.0,
    "Net Income Common Stockholders": 73795000000.0,
    "Net Income": 73795000000.0,
    "Net Income Including Noncontrolling Interests": 73795000000.0,
    "Net Income Continuous Operations": 73795000000.0,
    "Tax Provision": 11922000000.0,
    "Pretax Income": 85717000000.0,
    "Other Income Expense": -2133000000.0,
    "Other Non Operating Income Expenses": 556000000.0,
    "Special Income Charges": NaN,
    "Earnings From Equity Interest": -628000000.0,
    "Gain On Sale Of Security": -2061000000.0,
    "Net Non Operating Interest Income Expense": 3557000000.0,
    "Interest Expense Non Operating": 308000000.0,
    "Interest Income Non Operating": 3865000000.0,
    "Operating Income": 84293000000.0,
    "Operating Expense": 89769000000.0,
    "Research And Development": 45427000000.0,
    "Selling General And Administration": 44342000000.0,
    "Selling And Marketing Expense": 27917000000.0,
    "General And Administrative Expense": 16425000000.0,
    "Other Gand A": 16425000000.0,
    "Gross Profit": 174062000000.0,
    "Cost Of Revenue": 133332000000.0,
    "Total Revenue": 307394000000.0,
    "Operating Revenue": 307394000000.0,
    "symbol": "GOOGL",
    "date": "2023-12-31"
  },
  {
    "Tax Effect Of Unusual Items": -981507000.0,
    "Tax Rate For Calcs": 0.159,
    "Normalized EBITDA": 91333000000.0,
    "Total Unusual Items": -6173000000.0,
    "Total Unusual Items Excluding Goodwill": -6173000000.0,
    "Net Income From Continuing Operation Net Minority Interest": 59972000000.0,
    "Reconciled Depreciation": 13475000000.0,
    "Reconciled Cost Of Revenue": 126203000000.0,
    "EBITDA": 85160000000.0,
    "EBIT": 71685000000.0,
    "Net Interest Income": 1817000000.0,
    "Interest Expense": 357000000.0,
    "Interest Income": 2174000000.0,
    "Normalized Income": 65163493000.0,
    "Net Income From Continuing And Discontinued Operation": 59972000000.0,
    "Total Expenses": 207994000000.0,
    "Total Operating Income As Reported": 74842000000.0,
    "Diluted Average Shares": 13159000000.0,
    "Basic Average Shares": 13063000000.0,
    "Diluted EPS": 4.56,
    "Basic EPS": 4.59,
    "Diluted NI Availto Com Stockholders": 59972000000.0,
    "Net Income Common Stockholders": 59972000000.0,
    "Net Income": 59972000000.0,
    "Net Income Including Noncontrolling Interests": 59972000000.0,
    "Net Income Continuous Operations": 59972000000.0,
    "Tax Provision": 11356000000.0,
    "Pretax Income": 71328000000.0,
    "Other Income Expense": -5331000000.0,
    "Other Non Operating Income Expenses": 1179000000.0,
    "Special Income Charges": NaN,
    "Earnings From Equity Interest": -337000000.0,
    "Gain On Sale Of Security": -6173000000.0,
    "Net Non Operating Interest Income Expense": 1817000000.0,
    "Interest Expense Non Operating": 357000000.0,
    "Interest Income Non Operating": 2174000000.0,
    "Operating Income": 74842000000.0,
    "Operating Expense": 81791000000.0,
    "Research And Development": 39500000000.0,
    "Selling General And Administration": 42291000000.0,
    "Selling And Marketing Expense": 26567000000.0,
    "General And Administrative Expense": 15724000000.0,
    "Other Gand A": 15724000000.0,
    "Gross Profit": 156633000000.0,
    "Cost Of Revenue": 126203000000.0,
    "Total Revenue": 282836000000.0,
    "Operating Revenue": 282836000000.0,
    "symbol": "GOOGL",
    "date": "2022-12-31"
  },
  {
    "Tax Effect Of Unusual Items": 1948860000.0,
    "Tax Rate For Calcs": 0.162,
    "Normalized EBITDA": 91491000000.0,
    "Total Unusual Items": 12030000000.0,
    "Total Unusual Items Excluding Goodwill": 12030000000.0,
    "Net Income From Continuing Operation Net Minority Interest": 76033000000.0,
    "Reconciled Depreciation": 12441000000.0,
    "Reconciled Cost Of Revenue": 110939000000.0,
    "EBITDA": 103521000000.0,
    "EBIT": 91080000000.0,
    "Net Interest Income": 1153000000.0,
    "Interest Expense": 346000000.0,
    "Interest Income": 1499000000.0,
    "Normalized Income": 65951860000.0,
    "Net Income From Continuing And Discontinued Operation": 76033000000.0,
    "Total Expenses": 178923000000.0,
    "Total Operating Income As Reported": 78714000000.0,
    "Diluted Average Shares": 13553480000.0,
    "Basic Average Shares": 13353000000.0,
    "Diluted EPS": 5.61,
    "Basic EPS": 5.694,
    "Diluted NI Availto Com Stockholders": 76033000000.0,
    "Net Income Common Stockholders": 76033000000.0,
    "Net Income": 76033000000.0,
    "Net Income Including Noncontrolling Interests": 76033000000.0,
    "Net Income Continuous Operations": 76033000000.0,
    "Tax Provision": 14701000000.0,
    "Pretax Income": 90734000000.0,
    "Other Income Expense": 10867000000.0,
    "Other Non Operating Income Expenses": -1497000000.0,
    "Special Income Charges": 0.0,
    "Earnings From Equity Interest": 334000000.0,
    "Gain On Sale Of Security": 12030000000.0,
    "Net Non Operating Interest Income Expense": 1153000000.0,
    "Interest Expense Non Operating": 346000000.0,
    "Interest Income Non Operating": 1499000000.0,
    "Operating Income": 78714000000.0,
    "Operating Expense": 67984000000.0,
    "Research And Development": 31562000000.0,
    "Selling General And Administration": 36422000000.0,
    "Selling And Marketing Expense": 22912000000.0,
    "General And Administrative Expense": 13510000000.0,
    "Other Gand A": 13510000000.0,
    "Gross Profit": 146698000000.0,
    "Cost Of Revenue": 110939000000.0,
    "Total Revenue": 257637000000.0,
    "Operating Revenue": 257637000000.0,
    "symbol": "GOOGL",
    "date": "2021-12-31"
  },
  {
    "Tax Effect Of Unusual Items": NaN,
    "Tax Rate For Calcs": NaN,
    "Normalized EBITDA": NaN,
    "Total Unusual Items": NaN,
    "Total Unusual Items Excluding Goodwill": NaN,
    "Net Income From Continuing Operation Net Minority Interest": NaN,
    "Reconciled Depreciation": NaN,
    "Reconciled Cost Of Revenue": NaN,
    "EBITDA": NaN,
    "EBIT": NaN,
    "Net Interest Income": NaN,
    "Interest Expense": NaN,
    "Interest Income": NaN,
    "Normalized Income": NaN,
    "Net Income From Continuing And Discontinued Operation": NaN,
    "Total Expenses": NaN,
    "Total Operating Income As Reported": NaN,
    "Diluted Average Shares": NaN,
    "Basic Average Shares": NaN,
    "Diluted EPS": NaN,
    "Basic EPS": NaN,
    "Diluted NI Availto Com Stockholders": NaN,
    "Net Income Common Stockholders": NaN,
    "Net Income": NaN,
    "Net Income Including Noncontrolling Interests": NaN,
    "Net Income Continuous Operations": NaN,
    "Tax Provision": NaN,
    "Pretax Income": NaN,
    "Other Income Expense": NaN,
    "Other Non Operating Income Expenses": NaN,
    "Special Income Charges": 0.0,
    "Earnings From Equity Interest": NaN,
    "Gain On Sale Of Security": NaN,
    "Net Non Operating Interest Income Expense": NaN,
    "Interest Expense Non Operating": NaN,
    "Interest Income Non Operating": NaN,
    "Operating Income": NaN,
    "Operating Expense": NaN,
    "Research And Development": NaN,
    "Selling General And Administration": NaN,
    "Selling And Marketing Expense": NaN,
    "General And Administrative Expense": NaN,
    "Other Gand A": NaN,
    "Gross Profit": NaN,
    "Cost Of Revenue": NaN,
    "Total Revenue": NaN,
    "Operating Revenue": NaN,
    "symbol": "GOOGL",
    "date": "2020-12-31"
  },
  {
    "Tax Effect Of Unusual Items": -246971244.935436,
    "Tax Rate For Calcs": 0.135031,
    "Normalized EBITDA": 125644000000.0,
    "Total Unusual Items": -1829000000.0,
    "Total Unusual Items Excluding Goodwill": -1829000000.0,
    "Net Income From Continuing Operation Net Minority Interest": 59248000000.0,
    "Reconciled Depreciation": 52795000000.0,
    "Reconciled Cost Of Revenue": 326288000000.0,
    "EBITDA": 123815000000.0,
    "EBIT": 71020000000.0,
    "Net Interest Income": 2271000000.0,
    "Interest Expense": 2406000000.0,
    "Interest Income": 4677000000.0,
    "Normalized Income": 60830028755.06457,
    "Net Income From Continuing And Discontinued Operation": 59248000000.0,
    "Total Expenses": 569366000000.0,
    "Total Operating Income As Reported": 68593000000.0,
    "Diluted Average Shares": 10721000000.0,
    "Basic Average Shares": 10473000000.0,
    "Diluted EPS": 5.53,
    "Basic EPS": 5.66,
    "Diluted NI Availto Com Stockholders": 59248000000.0,
    "Net Income Common Stockholders": 59248000000.0,
    "Net Income": 59248000000.0,
    "Net Income Including Noncontrolling Interests": 59248000000.0,
    "Net Income Continuous Operations": 59248000000.0,
    "Earnings From Equity Interest Net Of Tax": -101000000.0,
    "Tax Provision": 9265000000.0,
    "Pretax Income": 68614000000.0,
    "Other Income Expense": -2250000000.0,
    "Other Non Operating Income Expenses": -421000000.0,
    "Gain On Sale Of Security": -1829000000.0,
    "Net Non Operating Interest Income Expense": 2271000000.0,
    "Interest Expense Non Operating": 2406000000.0,
    "Interest Income Non Operating": 4677000000.0,
    "Operating Income": 68593000000.0,
    "Operating Expense": 243078000000.0,
    "Other Operating Expenses": 187812000000.0,
    "Research And Development": NaN,
    "Selling General And Administration": 55266000000.0,
    "Selling And Marketing Expense": 43907000000.0,
    "General And Administrative Expense": 11359000000.0,
    "Other Gand A": 11359000000.0,
    "Gross Profit": 311671000000.0,
    "Cost Of Revenue": 326288000000.0,
    "Total Revenue": 637959000000.0,
    "Operating Revenue": 637959000000.0,
    "symbol": "AMZN",
    "date": "2024-12-31"
  },
  {
    "Tax Effect Of Unusual Items": 211380035.679101,
    "Tax Rate For Calcs": 0.189579,
    "Normalized EBITDA": 88287000000.0,
    "Total Unusual Items": 1115000000.0,
    "Total Unusual Items Excluding Goodwill": 1115000000.0,
    "Net Income From Continuing Operation Net Minority Interest": 30425000000.0,
    "Reconciled Depreciation": 48663000000.0,
    "Reconciled Cost Of Revenue": 304739000000.0,
    "EBITDA": 89402000000.0,
    "EBIT": 40739000000.0,
    "Net Interest Income": -233000000.0,
    "Interest Expense": 3182000000.0,
    "Interest Income": 2949000000.0,
    "Normalized Income": 29521380035.6791,
    "Net Income From Continuing And Discontinued Operation": 30425000000.0,
    "Total Expenses": 537933000000.0,
    "Total Operating Income As Reported": 36852000000.0,
    "Diluted Average Shares": 10492000000.0,
    "Basic Average Shares": 10304000000.0,
    "Diluted EPS": 2.9,
    "Basic EPS": 2.95,
    "Diluted NI Availto Com Stockholders": 30425000000.0,
    "Net Income Common Stockholders": 30425000000.0,
    "Net Income": 30425000000.0,
    "Net Income Including Noncontrolling Interests": 30425000000.0,
    "Net Income Continuous Operations": 30425000000.0,
    "Earnings From Equity Interest Net Of Tax": -12000000.0,
    "Tax Provision": 7120000000.0,
    "Pretax Income": 37557000000.0,
    "Other Income Expense": 938000000.0,
    "Other Non Operating Income Expenses": -177000000.0,
    "Gain On Sale Of Security": 1115000000.0,
    "Net Non Operating Interest Income Expense": -233000000.0,
    "Interest Expense Non Operating": 3182000000.0,
    "Interest Income Non Operating": 2949000000.0,
    "Operating Income": 36852000000.0,
    "Operating Expense": 233194000000.0,
    "Other Operating Expenses": 177008000000.0,
    "Research And Development": NaN,
    "Selling General And Administration": 56186000000.0,
    "Selling And Marketing Expense": 44370000000.0,
    "General And Administrative Expense": 11816000000.0,
    "Other Gand A": 11816000000.0,
    "Gross Profit": 270046000000.0,
    "Cost Of Revenue": 304739000000.0,
    "Total Revenue": 574785000000.0,
    "Operating Revenue": 574785000000.0,
    "symbol": "AMZN",
    "date": "2023-12-31"
  },
  {
    "Tax Effect Of Unusual Items": -3415860000.0,
    "Tax Rate For Calcs": 0.21,
    "Normalized EBITDA": 54618000000.0,
    "Total Unusual Items": -16266000000.0,
    "Total Unusual Items Excluding Goodwill": -16266000000.0,
    "Net Income From Continuing Operation Net Minority Interest": -2722000000.0,
    "Reconciled Depreciation": 41921000000.0,
    "Reconciled Cost Of Revenue": 288831000000.0,
    "EBITDA": 38352000000.0,
    "EBIT": -3569000000.0,
    "Net Interest Income": -1378000000.0,
    "Interest Expense": 2367000000.0,
    "Interest Income": 989000000.0,
    "Normalized Income": 10128140000.0,
    "Net Income From Continuing And Discontinued Operation": -2722000000.0,
    "Total Expenses": 501735000000.0,
    "Total Operating Income As Reported": 12248000000.0,
    "Diluted Average Shares": 10189000000.0,
    "Basic Average Shares": 10189000000.0,
    "Diluted EPS": -0.27,
    "Basic EPS": -0.27,
    "Diluted NI Availto Com Stockholders": -2722000000.0,
    "Net Income Common Stockholders": -2722000000.0,
    "Net Income": -2722000000.0,
    "Net Income Including Noncontrolling Interests": -2722000000.0,
    "Net Income Continuous Operations": -2722000000.0,
    "Earnings From Equity Interest Net Of Tax": -3000000.0,
    "Tax Provision": -3217000000.0,
    "Pretax Income": -5936000000.0,
    "Other Income Expense": -16806000000.0,
    "Other Non Operating Income Expenses": -540000000.0,
    "Gain On Sale Of Security": -16266000000.0,
    "Net Non Operating Interest Income Expense": -1378000000.0,
    "Interest Expense Non Operating": 2367000000.0,
    "Interest Income Non Operating": 989000000.0,
    "Operating Income": 12248000000.0,
    "Operating Expense": 212904000000.0,
    "Other Operating Expenses": 158775000000.0,
    "Research And Development": NaN,
    "Selling General And Administration": 54129000000.0,
    "Selling And Marketing Expense": 42238000000.0,
    "General And Administrative Expense": 11891000000.0,
    "Other Gand A": 11891000000.0,
    "Gross Profit": 225152000000.0,
    "Cost Of Revenue": 288831000000.0,
    "Total Revenue": 513983000000.0,
    "Operating Revenue": 513983000000.0,
    "symbol": "AMZN",
    "date": "2022-12-31"
  },
  {
    "Tax Effect Of Unusual Items": 1839997169.143666,
    "Tax Rate For Calcs": 0.12558,
    "Normalized EBITDA": 59741000000.0,
    "Total Unusual Items": 14652000000.0,
    "Total Unusual Items Excluding Goodwill": 14652000000.0,
    "Net Income From Continuing Operation Net Minority Interest": 33364000000.0,
    "Reconciled Depreciation": 34433000000.0,
    "Reconciled Cost Of Revenue": 272344000000.0,
    "EBITDA": 74393000000.0,
    "EBIT": 39960000000.0,
    "Net Interest Income": -1361000000.0,
    "Interest Expense": 1809000000.0,
    "Interest Income": 448000000.0,
    "Normalized Income": 20551997169.143665,
    "Net Income From Continuing And Discontinued Operation": 33364000000.0,
    "Total Expenses": 444943000000.0,
    "Total Operating Income As Reported": 24879000000.0,
    "Diluted Average Shares": 10300000000.0,
    "Basic Average Shares": 10120000000.0,
    "Diluted EPS": 3.2405,
    "Basic EPS": 3.298,
    "Diluted NI Availto Com Stockholders": 33364000000.0,
    "Net Income Common Stockholders": 33364000000.0,
    "Net Income": 33364000000.0,
    "Net Income Including Noncontrolling Interests": 33364000000.0,
    "Net Income Continuous Operations": 33364000000.0,
    "Earnings From Equity Interest Net Of Tax": 4000000.0,
    "Tax Provision": 4791000000.0,
    "Pretax Income": 38151000000.0,
    "Other Income Expense": 14633000000.0,
    "Other Non Operating Income Expenses": -19000000.0,
    "Gain On Sale Of Security": 14652000000.0,
    "Net Non Operating Interest Income Expense": -1361000000.0,
    "Interest Expense Non Operating": 1809000000.0,
    "Interest Income Non Operating": 448000000.0,
    "Operating Income": 24879000000.0,
    "Operating Expense": 172599000000.0,
    "Other Operating Expenses": 131225000000.0,
    "Research And Development": NaN,
    "Selling General And Administration": 41374000000.0,
    "Selling And Marketing Expense": 32551000000.0,
    "General And Administrative Expense": 8823000000.0,
    "Other Gand A": 8823000000.0,
    "Gross Profit": 197478000000.0,
    "Cost Of Revenue": 272344000000.0,
    "Total Revenue": 469822000000.0,
    "Operating Revenue": 469822000000.0,
    "symbol": "AMZN",
    "date": "2021-12-31"
  },
  {
    "Tax Effect Of Unusual Items": NaN,
    "Tax Rate For Calcs": NaN,
    "Normalized EBITDA": NaN,
    "Total Unusual Items": NaN,
    "Total Unusual Items Excluding Goodwill": NaN,
    "Net Income From Continuing Operation Net Minority Interest": NaN,
    "Reconciled Depreciation": NaN,
    "Reconciled Cost Of Revenue": NaN,
    "EBITDA": NaN,
    "EBIT": NaN,
    "Net Interest Income": NaN,
    "Interest Expense": NaN,
    "Interest Income": NaN,
    "Normalized Income": NaN,
    "Net Income From Continuing And Discontinued Operation": NaN,
    "Total Expenses": NaN,
    "Total Operating Income As Reported": NaN,
    "Diluted Average Shares": NaN,
    "Basic Average Shares": NaN,
    "Diluted EPS": NaN,
    "Basic EPS": NaN,
    "Diluted NI Availto Com Stockholders": NaN,
    "Net Income Common Stockholders": NaN,
    "Net Income": NaN,
    "Net Income Including Noncontrolling Interests": NaN,
    "Net Income Continuous Operations": NaN,
    "Earnings From Equity Interest Net Of Tax": NaN,
    "Tax Provision": NaN,
    "Pretax Income": NaN,
    "Other Income Expense": NaN,
    "Other Non Operating Income Expenses": NaN,
    "Gain On Sale Of Security": NaN,
    "Net Non Operating Interest Income Expense": NaN,
    "Interest Expense Non Operating": NaN,
    "Interest Income Non Operating": NaN,
    "Operating Income": NaN,
    "Operating Expense": NaN,
    "Other Operating Expenses": NaN,
    "Research And Development": 42740000000.0,
    "Selling General And Administration": NaN,
    "Selling And Marketing Expense": NaN,
    "General And Administrative Expense": NaN,
    "Other Gand A": NaN,
    "Gross Profit": NaN,
    "Cost Of Revenue": NaN,
    "Total Revenue": NaN,
    "Operating Revenue": NaN,
    "symbol": "AMZN",
    "date": "2020-12-31"
  },
  {
    "Tax Effect Of Unusual Items": 0.0,
    "Tax Rate For Calcs": 0.133,
    "Normalized EBITDA": 86137000000.0,
    "Total Unusual Items": 0.0,
    "Total Unusual Items Excluding Goodwill": 0.0,
    "Net Income From Continuing Operation Net Minority Interest": 72880000000.0,
    "Reconciled Depreciation": 1864000000.0,
    "Reconciled Cost Of Revenue": 32639000000.0,
    "EBITDA": 86137000000.0,
    "EBIT": 84273000000.0,
    "Net Interest Income": 1539000000.0,
    "Interest Expense": 247000000.0,
    "Interest Income": 1786000000.0,
    "Normalized Income": 72880000000.0,
    "Net Income From Continuing And Discontinued Operation": 72880000000.0,
    "Total Expenses": 49044000000.0,
    "Total Operating Income As Reported": 81453000000.0,
    "Diluted Average Shares": 24804000000.0,
    "Basic Average Shares": 24555000000.0,
    "Diluted EPS": 2.94,
    "Basic EPS": 2.97,
    "Diluted NI Availto Com Stockholders": 72880000000.0,
    "Net Income Common Stockholders": 72880000000.0,
    "Net Income": 72880000000.0,
    "Net Income Including Noncontrolling Interests": 72880000000.0,
    "Net Income Continuous Operations": 72880000000.0,
    "Tax Provision": 11146000000.0,
    "Pretax Income": 84026000000.0,
    "Other Income Expense": 1034000000.0,
    "Other Non Operating Income Expenses": 1034000000.0,
    "Special Income Charges": 0.0,
    "Restructuring And Mergern Acquisition": 0.0,
    "Net Non Operating Interest Income Expense": 1539000000.0,
    "Interest Expense Non Operating": 247000000.0,
    "Interest Income Non Operating": 1786000000.0,
    "Operating Income": 81453000000.0,
    "Operating Expense": 16405000000.0,
    "Research And Development": 12914000000.0,
    "Selling General And Administration": 3491000000.0,
    "Gross Profit": 97858000000.0,
    "Cost Of Revenue": 32639000000.0,
    "Total Revenue": 130497000000.0,
    "Operating Revenue": 130497000000.0,
    "symbol": "NVDA",
    "date": "2025-01-31"
  },
  {
    "Tax Effect Of Unusual Items": 0.0,
    "Tax Rate For Calcs": 0.12,
    "Normalized EBITDA": 35583000000.0,
    "Total Unusual Items": 0.0,
    "Total Unusual Items Excluding Goodwill": 0.0,
    "Net Income From Continuing Operation Net Minority Interest": 29760000000.0,
    "Reconciled Depreciation": 1508000000.0,
    "Reconciled Cost Of Revenue": 16621000000.0,
    "EBITDA": 35583000000.0,
    "EBIT": 34075000000.0,
    "Net Interest Income": 609000000.0,
    "Interest Expense": 257000000.0,
    "Interest Income": 866000000.0,
    "Normalized Income": 29760000000.0,
    "Net Income From Continuing And Discontinued Operation": 29760000000.0,
    "Total Expenses": 27950000000.0,
    "Total Operating Income As Reported": 32972000000.0,
    "Diluted Average Shares": 24940000000.0,
    "Basic Average Shares": 24690000000.0,
    "Diluted EPS": 1.19,
    "Basic EPS": 1.21,
    "Diluted NI Availto Com Stockholders": 29760000000.0,
    "Net Income Common Stockholders": 29760000000.0,
    "Net Income": 29760000000.0,
    "Net Income Including Noncontrolling Interests": 29760000000.0,
    "Net Income Continuous Operations": 29760000000.0,
    "Tax Provision": 4058000000.0,
    "Pretax Income": 33818000000.0,
    "Other Income Expense": 237000000.0,
    "Other Non Operating Income Expenses": 237000000.0,
    "Special Income Charges": 0.0,
    "Restructuring And Mergern Acquisition": 0.0,
    "Net Non Operating Interest Income Expense": 609000000.0,
    "Interest Expense Non Operating": 257000000.0,
    "Interest Income Non Operating": 866000000.0,
    "Operating Income": 32972000000.0,
    "Operating Expense": 11329000000.0,
    "Research And Development": 8675000000.0,
    "Selling General And Administration": 2654000000.0,
    "Gross Profit": 44301000000.0,
    "Cost Of Revenue": 16621000000.0,
    "Total Revenue": 60922000000.0,
    "Operating Revenue": 60922000000.0,
    "symbol": "NVDA",
    "date": "2024-01-31"
  },
  {
    "Tax Effect Of Unusual Items": -284130000.0,
    "Tax Rate For Calcs": 0.21,
    "Normalized EBITDA": 7339000000.0,
    "Total Unusual Items": -1353000000.0,
    "Total Unusual Items Excluding Goodwill": -1353000000.0,
    "Net Income From Continuing Operation Net Minority Interest": 4368000000.0,
    "Reconciled Depreciation": 1543000000.0,
    "Reconciled Cost Of Revenue": 11618000000.0,
    "EBITDA": 5986000000.0,
    "EBIT": 4443000000.0,
    "Net Interest Income": 5000000.0,
    "Interest Expense": 262000000.0,
    "Interest Income": 267000000.0,
    "Normalized Income": 5436870000.0,
    "Net Income From Continuing And Discontinued Operation": 4368000000.0,
    "Total Expenses": 21397000000.0,
    "Total Operating Income As Reported": 4224000000.0,
    "Diluted Average Shares": 25070000000.0,
    "Basic Average Shares": 24870000000.0,
    "Diluted EPS": 0.174,
    "Basic EPS": 0.176,
    "Diluted NI Availto Com Stockholders": 4368000000.0,
    "Net Income Common Stockholders": 4368000000.0,
    "Net Income": 4368000000.0,
    "Net Income Including Noncontrolling Interests": 4368000000.0,
    "Net Income Continuous Operations": 4368000000.0,
    "Tax Provision": -187000000.0,
    "Pretax Income": 4181000000.0,
    "Other Income Expense": -1401000000.0,
    "Other Non Operating Income Expenses": -48000000.0,
    "Special Income Charges": -1353000000.0,
    "Restructuring And Mergern Acquisition": 1353000000.0,
    "Net Non Operating Interest Income Expense": 5000000.0,
    "Interest Expense Non Operating": 262000000.0,
    "Interest Income Non Operating": 267000000.0,
    "Operating Income": 5577000000.0,
    "Operating Expense": 9779000000.0,
    "Research And Development": 7339000000.0,
    "Selling General And Administration": 2440000000.0,
    "Gross Profit": 15356000000.0,
    "Cost Of Revenue": 11618000000.0,
    "Total Revenue": 26974000000.0,
    "Operating Revenue": 26974000000.0,
    "symbol": "NVDA",
    "date": "2023-01-31"
  },
  {
    "Tax Effect Of Unusual Items": 0.0,
    "Tax Rate For Calcs": 0.019,
    "Normalized EBITDA": 11351000000.0,
    "Total Unusual Items": 0.0,
    "Total Unusual Items Excluding Goodwill": 0.0,
    "Net Income From Continuing Operation Net Minority Interest": 9752000000.0,
    "Reconciled Depreciation": 1174000000.0,
    "Reconciled Cost Of Revenue": 9439000000.0,
    "EBITDA": 11351000000.0,
    "EBIT": 10177000000.0,
    "Net Interest Income": -207000000.0,
    "Interest Expense": 236000000.0,
    "Interest Income": 29000000.0,
    "Normalized Income": 9752000000.0,
    "Net Income From Continuing And Discontinued Operation": 9752000000.0,
    "Total Expenses": 16873000000.0,
    "Total Operating Income As Reported": 10041000000.0,
    "Diluted Average Shares": 25350000000.0,
    "Basic Average Shares": 24960000000.0,
    "Diluted EPS": 0.385,
    "Basic EPS": 0.391,
    "Diluted NI Availto Com Stockholders": 9752000000.0,
    "Net Income Common Stockholders": 9752000000.0,
    "Net Income": 9752000000.0,
    "Net Income Including Noncontrolling Interests": 9752000000.0,
    "Net Income Continuous Operations": 9752000000.0,
    "Tax Provision": 189000000.0,
    "Pretax Income": 9941000000.0,
    "Other Income Expense": 107000000.0,
    "Other Non Operating Income Expenses": 107000000.0,
    "Special Income Charges": 0.0,
    "Restructuring And Mergern Acquisition": 0.0,
    "Net Non Operating Interest Income Expense": -207000000.0,
    "Interest Expense Non Operating": 236000000.0,
    "Interest Income Non Operating": 29000000.0,
    "Operating Income": 10041000000.0,
    "Operating Expense": 7434000000.0,
    "Research And Development": 5268000000.0,
    "Selling General And Administration": 2166000000.0,
    "Gross Profit": 17475000000.0,
    "Cost Of Revenue": 9439000000.0,
    "Total Revenue": 26914000000.0,
    "Operating Revenue": 26914000000.0,
    "symbol": "NVDA",
    "date": "2022-01-31"
  },
  {
    "Tax Effect Of Unusual Items": -81420000.0,
    "Tax Rate For Calcs": 0.118,
    "Normalized EBITDA": 87566000000.0,
    "Total Unusual Items": -690000000.0,
    "Total Unusual Items Excluding Goodwill": -690000000.0,
    "Net Income From Continuing Operation Net Minority Interest": 62360000000.0,
    "Reconciled Depreciation": 15498000000.0,
    "Reconciled Cost Of Revenue": 30161000000.0,
    "EBITDA": 86876000000.0,
    "EBIT": 71378000000.0,
    "Net Interest Income": 1973000000.0,
    "Interest Expense": 715000000.0,
    "Interest Income": 2517000000.0,
    "Normalized Income": 62968580000.0,
    "Net Income From Continuing And Discontinued Operation": 62360000000.0,
    "Total Expenses": 95121000000.0,
    "Total Operating Income As Reported": 69380000000.0,
    "Diluted Average Shares": 2614000000.0,
    "Basic Average Shares": 2534000000.0,
    "Diluted EPS": 23.86,
    "Basic EPS": 24.61,
    "Diluted NI Availto Com Stockholders": 62360000000.0,
    "Net Income Common Stockholders": 62360000000.0,
    "Otherunder Preferred Stock Dividend": NaN,
    "Net Income": 62360000000.0,
    "Net Income Including Noncontrolling Interests": 62360000000.0,
    "Net Income Continuous Operations": 62360000000.0,
    "Tax Provision": 8303000000.0,
    "Pretax Income": 70663000000.0,
    "Other Income Expense": -690000000.0,
    "Other Non Operating Income Expenses": NaN,
    "Special Income Charges": NaN,
    "Gain On Sale Of Security": -690000000.0,
    "Net Non Operating Interest Income Expense": 1973000000.0,
    "Total Other Finance Cost": -171000000.0,
    "Interest Expense Non Operating": 715000000.0,
    "Interest Income Non Operating": 2517000000.0,
    "Operating Income": 69380000000.0,
    "Operating Expense": 64960000000.0,
    "Research And Development": 43873000000.0,
    "Selling General And Administration": 21087000000.0,
    "Selling And Marketing Expense": 11347000000.0,
    "General And Administrative Expense": 9740000000.0,
    "Other Gand A": 9740000000.0,
    "Gross Profit": 134340000000.0,
    "Cost Of Revenue": 30161000000.0,
    "Total Revenue": 164501000000.0,
    "Operating Revenue": 162779000000.0,
    "symbol": "META",
    "date": "2024-12-31"
  },
  {
    "Tax Effect Of Unusual Items": -64416000.0,
    "Tax Rate For Calcs": 0.176,
    "Normalized EBITDA": 59418000000.0,
    "Total Unusual Items": -366000000.0,
    "Total Unusual Items Excluding Goodwill": -366000000.0,
    "Net Income From Continuing Operation Net Minority Interest": 39098000000.0,
    "Reconciled Depreciation": 11178000000.0,
    "Reconciled Cost Of Revenue": 25959000000.0,
    "EBITDA": 59052000000.0,
    "EBIT": 47874000000.0,
    "Net Interest Income": 1043000000.0,
    "Interest Expense": 446000000.0,
    "Interest Income": 1639000000.0,
    "Normalized Income": 39399584000.0,
    "Net Income From Continuing And Discontinued Operation": 39098000000.0,
    "Total Expenses": 88151000000.0,
    "Total Operating Income As Reported": 46751000000.0,
    "Diluted Average Shares": 2629000000.0,
    "Basic Average Shares": 2574000000.0,
    "Diluted EPS": 14.87,
    "Basic EPS": 15.19,
    "Diluted NI Availto Com Stockholders": 39098000000.0,
    "Net Income Common Stockholders": 39098000000.0,
    "Otherunder Preferred Stock Dividend": NaN,
    "Net Income": 39098000000.0,
    "Net Income Including Noncontrolling Interests": 39098000000.0,
    "Net Income Continuous Operations": 39098000000.0,
    "Tax Provision": 8330000000.0,
    "Pretax Income": 47428000000.0,
    "Other Income Expense": -366000000.0,
    "Other Non Operating Income Expenses": NaN,
    "Special Income Charges": NaN,
    "Gain On Sale Of Security": -366000000.0,
    "Net Non Operating Interest Income Expense": 1043000000.0,
    "Total Other Finance Cost": 150000000.0,
    "Interest Expense Non Operating": 446000000.0,
    "Interest Income Non Operating": 1639000000.0,
    "Operating Income": 46751000000.0,
    "Operating Expense": 62192000000.0,
    "Research And Development": 38483000000.0,
    "Selling General And Administration": 23709000000.0,
    "Selling And Marketing Expense": 12301000000.0,
    "General And Administrative Expense": 11408000000.0,
    "Other Gand A": 11408000000.0,
    "Gross Profit": 108943000000.0,
    "Cost Of Revenue": 25959000000.0,
    "Total Revenue": 134902000000.0,
    "Operating Revenue": 133844000000.0,
    "symbol": "META",
    "date": "2023-12-31"
  },
  {
    "Tax Effect Of Unusual Items": -15795000.0,
    "Tax Rate For Calcs": 0.195,
    "Normalized EBITDA": 37771000000.0,
    "Total Unusual Items": -81000000.0,
    "Total Unusual Items Excluding Goodwill": -81000000.0,
    "Net Income From Continuing Operation Net Minority Interest": 23200000000.0,
    "Reconciled Depreciation": 8686000000.0,
    "Reconciled Cost Of Revenue": 25249000000.0,
    "EBITDA": 37690000000.0,
    "EBIT": 29004000000.0,
    "Net Interest Income": -44000000.0,
    "Interest Expense": 185000000.0,
    "Interest Income": 461000000.0,
    "Normalized Income": 23265205000.0,
    "Net Income From Continuing And Discontinued Operation": 23200000000.0,
    "Total Expenses": 87665000000.0,
    "Total Operating Income As Reported": 28944000000.0,
    "Diluted Average Shares": 2702000000.0,
    "Basic Average Shares": 2687000000.0,
    "Diluted EPS": 8.59,
    "Basic EPS": 8.63,
    "Diluted NI Availto Com Stockholders": 23200000000.0,
    "Net Income Common Stockholders": 23200000000.0,
    "Otherunder Preferred Stock Dividend": NaN,
    "Net Income": 23200000000.0,
    "Net Income Including Noncontrolling Interests": 23200000000.0,
    "Net Income Continuous Operations": 23200000000.0,
    "Tax Provision": 5619000000.0,
    "Pretax Income": 28819000000.0,
    "Other Income Expense": -81000000.0,
    "Other Non Operating Income Expenses": -320000000.0,
    "Special Income Charges": NaN,
    "Gain On Sale Of Security": -81000000.0,
    "Net Non Operating Interest Income Expense": -44000000.0,
    "Total Other Finance Cost": 320000000.0,
    "Interest Expense Non Operating": 185000000.0,
    "Interest Income Non Operating": 461000000.0,
    "Operating Income": 28944000000.0,
    "Operating Expense": 62416000000.0,
    "Research And Development": 35338000000.0,
    "Selling General And Administration": 27078000000.0,
    "Selling And Marketing Expense": 15262000000.0,
    "General And Administrative Expense": 11816000000.0,
    "Other Gand A": 11816000000.0,
    "Gross Profit": 91360000000.0,
    "Cost Of Revenue": 25249000000.0,
    "Total Revenue": 116609000000.0,
    "Operating Revenue": 115801000000.0,
    "symbol": "META",
    "date": "2022-12-31"
  },
  {
    "Tax Effect Of Unusual Items": -23380000.0,
    "Tax Rate For Calcs": 0.167,
    "Normalized EBITDA": 55414000000.0,
    "Total Unusual Items": -140000000.0,
    "Total Unusual Items Excluding Goodwill": -140000000.0,
    "Net Income From Continuing Operation Net Minority Interest": 39370000000.0,
    "Reconciled Depreciation": 7967000000.0,
    "Reconciled Cost Of Revenue": 22649000000.0,
    "EBITDA": 55274000000.0,
    "EBIT": 47307000000.0,
    "Net Interest Income": 671000000.0,
    "Interest Expense": 23000000.0,
    "Interest Income": 484000000.0,
    "Normalized Income": 39486620000.0,
    "Net Income From Continuing And Discontinued Operation": 39370000000.0,
    "Total Expenses": 71176000000.0,
    "Total Operating Income As Reported": 46753000000.0,
    "Diluted Average Shares": 2859000000.0,
    "Basic Average Shares": 2815000000.0,
    "Diluted EPS": 13.77,
    "Basic EPS": 13.99,
    "Diluted NI Availto Com Stockholders": 39370000000.0,
    "Net Income Common Stockholders": 39370000000.0,
    "Otherunder Preferred Stock Dividend": NaN,
    "Net Income": 39370000000.0,
    "Net Income Including Noncontrolling Interests": 39370000000.0,
    "Net Income Continuous Operations": 39370000000.0,
    "Tax Provision": 7914000000.0,
    "Pretax Income": 47284000000.0,
    "Other Income Expense": -140000000.0,
    "Other Non Operating Income Expenses": 210000000.0,
    "Special Income Charges": 0.0,
    "Gain On Sale Of Security": -140000000.0,
    "Net Non Operating Interest Income Expense": 671000000.0,
    "Total Other Finance Cost": -210000000.0,
    "Interest Expense Non Operating": 23000000.0,
    "Interest Income Non Operating": 484000000.0,
    "Operating Income": 46753000000.0,
    "Operating Expense": 48527000000.0,
    "Research And Development": 24655000000.0,
    "Selling General And Administration": 23872000000.0,
    "Selling And Marketing Expense": 14043000000.0,
    "General And Administrative Expense": 9829000000.0,
    "Other Gand A": 9829000000.0,
    "Gross Profit": 95280000000.0,
    "Cost Of Revenue": 22649000000.0,
    "Total Revenue": 117929000000.0,
    "Operating Revenue": 117208000000.0,
    "symbol": "META",
    "date": "2021-12-31"
  },
  {
    "Tax Effect Of Unusual Items": NaN,
    "Tax Rate For Calcs": NaN,
    "Normalized EBITDA": NaN,
    "Total Unusual Items": NaN,
    "Total Unusual Items Excluding Goodwill": NaN,
    "Net Income From Continuing Operation Net Minority Interest": NaN,
    "Reconciled Depreciation": NaN,
    "Reconciled Cost Of Revenue": NaN,
    "EBITDA": NaN,
    "EBIT": NaN,
    "Net Interest Income": NaN,
    "Interest Expense": NaN,
    "Interest Income": NaN,
    "Normalized Income": NaN,
    "Net Income From Continuing And Discontinued Operation": NaN,
    "Total Expenses": NaN,
    "Total Operating Income As Reported": NaN,
    "Diluted Average Shares": NaN,
    "Basic Average Shares": NaN,
    "Diluted EPS": NaN,
    "Basic EPS": NaN,
    "Diluted NI Availto Com Stockholders": NaN,
    "Net Income Common Stockholders": NaN,
    "Otherunder Preferred Stock Dividend": 0.0,
    "Net Income": NaN,
    "Net Income Including Noncontrolling Interests": NaN,
    "Net Income Continuous Operations": NaN,
    "Tax Provision": NaN,
    "Pretax Income": NaN,
    "Other Income Expense": NaN,
    "Other Non Operating Income Expenses": -34000000.0,
    "Special Income Charges": 0.0,
    "Gain On Sale Of Security": NaN,
    "Net Non Operating Interest Income Expense": NaN,
    "Total Other Finance Cost": NaN,
    "Interest Expense Non Operating": NaN,
    "Interest Income Non Operating": NaN,
    "Operating Income": NaN,
    "Operating Expense": NaN,
    "Research And Development": NaN,
    "Selling General And Administration": NaN,
    "Selling And Marketing Expense": NaN,
    "General And Administrative Expense": NaN,
    "Other Gand A": NaN,
    "Gross Profit": NaN,
    "Cost Of Revenue": NaN,
    "Total Revenue": NaN,
    "Operating Revenue": NaN,
    "symbol": "META",
    "date": "2020-12-31"
  },
  {
    "Tax Effect Of Unusual Items": -136800000.0,
    "Tax Rate For Calcs": 0.2,
    "Normalized EBITDA": 15392000000.0,
    "Total Unusual Items": -684000000.0,
    "Total Unusual Items Excluding Goodwill": -684000000.0,
    "Net Income From Continuing Operation Net Minority Interest": 7130000000.0,
    "Reconciled Depreciation": 5368000000.0,
    "Reconciled Cost Of Revenue": 80240000000.0,
    "EBITDA": 14708000000.0,
    "EBIT": 9340000000.0,
    "Net Interest Income": 1219000000.0,
    "Interest Expense": 350000000.0,
    "Interest Income": 1569000000.0,
    "Normalized Income": 7677200000.0,
    "Net Income From Continuing And Discontinued Operation": 7130000000.0,
    "Total Expenses": 89930000000.0,
    "Rent Expense Supplemental": 1003000000.0,
    "Total Operating Income As Reported": 7076000000.0,
    "Diluted Average Shares": 3216000000.0,
    "Basic Average Shares": 3216000000.0,
    "Diluted EPS": 2.04,
    "Basic EPS": 2.23,
    "Diluted NI Availto Com Stockholders": 7130000000.0,
    "Average Dilution Earnings": 0.0,
    "Net Income Common Stockholders": 7130000000.0,
    "Otherunder Preferred Stock Dividend": NaN,
    "Net Income": 7130000000.0,
    "Minority Interests": -23000000.0,
    "Net Income Including Noncontrolling Interests": 7153000000.0,
    "Net Income Continuous Operations": 7153000000.0,
    "Tax Provision": 1837000000.0,
    "Pretax Income": 8990000000.0,
    "Other Income Expense": 11000000.0,
    "Other Non Operating Income Expenses": 695000000.0,
    "Special Income Charges": -684000000.0,
    "Restructuring And Mergern Acquisition": 684000000.0,
    "Net Non Operating Interest Income Expense": 1219000000.0,
    "Interest Expense Non Operating": 350000000.0,
    "Interest Income Non Operating": 1569000000.0,
    "Operating Income": 7760000000.0,
    "Operating Expense": 9690000000.0,
    "Research And Development": 4540000000.0,
    "Selling General And Administration": 5150000000.0,
    "Gross Profit": 17450000000.0,
    "Cost Of Revenue": 80240000000.0,
    "Total Revenue": 97690000000.0,
    "Operating Revenue": 97690000000.0,
    "symbol": "TSLA",
    "date": "2024-12-31"
  },
  {
    "Tax Effect Of Unusual Items": 0.0,
    "Tax Rate For Calcs": 0.21,
    "Normalized EBITDA": 14796000000.0,
    "Total Unusual Items": 0.0,
    "Total Unusual Items Excluding Goodwill": 0.0,
    "Net Income From Continuing Operation Net Minority Interest": 14999000000.0,
    "Reconciled Depreciation": 4667000000.0,
    "Reconciled Cost Of Revenue": 79113000000.0,
    "EBITDA": 14796000000.0,
    "EBIT": 10129000000.0,
    "Net Interest Income": 910000000.0,
    "Interest Expense": 156000000.0,
    "Interest Income": 1066000000.0,
    "Normalized Income": 14999000000.0,
    "Net Income From Continuing And Discontinued Operation": 14999000000.0,
    "Total Expenses": 87882000000.0,
    "Rent Expense Supplemental": 1268000000.0,
    "Total Operating Income As Reported": 8891000000.0,
    "Diluted Average Shares": 3482750000.0,
    "Basic Average Shares": 3173500000.0,
    "Diluted EPS": 4.31,
    "Basic EPS": 4.725697,
    "Diluted NI Availto Com Stockholders": 14999000000.0,
    "Average Dilution Earnings": 0.0,
    "Net Income Common Stockholders": 14999000000.0,
    "Otherunder Preferred Stock Dividend": NaN,
    "Net Income": 14999000000.0,
    "Minority Interests": 25000000.0,
    "Net Income Including Noncontrolling Interests": 14974000000.0,
    "Net Income Continuous Operations": 14974000000.0,
    "Tax Provision": -5001000000.0,
    "Pretax Income": 9973000000.0,
    "Other Income Expense": 172000000.0,
    "Other Non Operating Income Expenses": 172000000.0,
    "Special Income Charges": 0.0,
    "Restructuring And Mergern Acquisition": 0.0,
    "Net Non Operating Interest Income Expense": 910000000.0,
    "Interest Expense Non Operating": 156000000.0,
    "Interest Income Non Operating": 1066000000.0,
    "Operating Income": 8891000000.0,
    "Operating Expense": 8769000000.0,
    "Research And Development": 3969000000.0,
    "Selling General And Administration": 4800000000.0,
    "Gross Profit": 17660000000.0,
    "Cost Of Revenue": 79113000000.0,
    "Total Revenue": 96773000000.0,
    "Operating Revenue": 96773000000.0,
    "symbol": "TSLA",
    "date": "2023-12-31"
  },
  {
    "Tax Effect Of Unusual Items": -14080000.0,
    "Tax Rate For Calcs": 0.08,
    "Normalized EBITDA": 17833000000.0,
    "Total Unusual Items": -176000000.0,
    "Total Unusual Items Excluding Goodwill": -176000000.0,
    "Net Income From Continuing Operation Net Minority Interest": 12583000000.0,
    "Reconciled Depreciation": 3747000000.0,
    "Reconciled Cost Of Revenue": 60609000000.0,
    "EBITDA": 17657000000.0,
    "EBIT": 13910000000.0,
    "Net Interest Income": 106000000.0,
    "Interest Expense": 191000000.0,
    "Interest Income": 297000000.0,
    "Normalized Income": 12744920000.0,
    "Net Income From Continuing And Discontinued Operation": 12583000000.0,
    "Total Expenses": 67630000000.0,
    "Rent Expense Supplemental": 1509000000.0,
    "Total Operating Income As Reported": 13656000000.0,
    "Diluted Average Shares": 3475000000.0,
    "Basic Average Shares": 3130000000.0,
    "Diluted EPS": 3.62,
    "Basic EPS": 4.02,
    "Diluted NI Availto Com Stockholders": 12584000000.0,
    "Average Dilution Earnings": 1000000.0,
    "Net Income Common Stockholders": 12583000000.0,
    "Otherunder Preferred Stock Dividend": NaN,
    "Net Income": 12583000000.0,
    "Minority Interests": -4000000.0,
    "Net Income Including Noncontrolling Interests": 12587000000.0,
    "Net Income Continuous Operations": 12587000000.0,
    "Tax Provision": 1132000000.0,
    "Pretax Income": 13719000000.0,
    "Other Income Expense": -219000000.0,
    "Other Non Operating Income Expenses": -43000000.0,
    "Special Income Charges": -176000000.0,
    "Restructuring And Mergern Acquisition": 176000000.0,
    "Net Non Operating Interest Income Expense": 106000000.0,
    "Interest Expense Non Operating": 191000000.0,
    "Interest Income Non Operating": 297000000.0,
    "Operating Income": 13832000000.0,
    "Operating Expense": 7021000000.0,
    "Research And Development": 3075000000.0,
    "Selling General And Administration": 3946000000.0,
    "Gross Profit": 20853000000.0,
    "Cost Of Revenue": 60609000000.0,
    "Total Revenue": 81462000000.0,
    "Operating Revenue": 81462000000.0,
    "symbol": "TSLA",
    "date": "2022-12-31"
  },
  {
    "Tax Effect Of Unusual Items": 2970000.0,
    "Tax Rate For Calcs": 0.11,
    "Normalized EBITDA": 9598000000.0,
    "Total Unusual Items": 27000000.0,
    "Total Unusual Items Excluding Goodwill": 27000000.0,
    "Net Income From Continuing Operation Net Minority Interest": 5524000000.0,
    "Reconciled Depreciation": 2911000000.0,
    "Reconciled Cost Of Revenue": 40217000000.0,
    "EBITDA": 9625000000.0,
    "EBIT": 6714000000.0,
    "Net Interest Income": -315000000.0,
    "Interest Expense": 371000000.0,
    "Interest Income": 56000000.0,
    "Normalized Income": 5499970000.0,
    "Net Income From Continuing And Discontinued Operation": 5524000000.0,
    "Total Expenses": 47327000000.0,
    "Rent Expense Supplemental": 978000000.0,
    "Total Operating Income As Reported": 6523000000.0,
    "Diluted Average Shares": 3386000000.0,
    "Basic Average Shares": 2959000000.0,
    "Diluted EPS": 1.63,
    "Basic EPS": 1.87,
    "Diluted NI Availto Com Stockholders": 5533000000.0,
    "Average Dilution Earnings": 9000000.0,
    "Net Income Common Stockholders": 5524000000.0,
    "Otherunder Preferred Stock Dividend": -5000000.0,
    "Net Income": 5524000000.0,
    "Minority Interests": -120000000.0,
    "Net Income Including Noncontrolling Interests": 5644000000.0,
    "Net Income Continuous Operations": 5644000000.0,
    "Tax Provision": 699000000.0,
    "Pretax Income": 6343000000.0,
    "Other Income Expense": 162000000.0,
    "Other Non Operating Income Expenses": 135000000.0,
    "Special Income Charges": 27000000.0,
    "Restructuring And Mergern Acquisition": -27000000.0,
    "Net Non Operating Interest Income Expense": -315000000.0,
    "Interest Expense Non Operating": 371000000.0,
    "Interest Income Non Operating": 56000000.0,
    "Operating Income": 6496000000.0,
    "Operating Expense": 7110000000.0,
    "Research And Development": 2593000000.0,
    "Selling General And Administration": 4517000000.0,
    "Gross Profit": 13606000000.0,
    "Cost Of Revenue": 40217000000.0,
    "Total Revenue": 53823000000.0,
    "Operating Revenue": 53823000000.0,
    "symbol": "TSLA",
    "date": "2021-12-31"
  },
  {
    "Tax Effect Of Unusual Items": NaN,
    "Tax Rate For Calcs": NaN,
    "Normalized EBITDA": NaN,
    "Total Unusual Items": NaN,
    "Total Unusual Items Excluding Goodwill": NaN,
    "Net Income From Continuing Operation Net Minority Interest": NaN,
    "Reconciled Depreciation": NaN,
    "Reconciled Cost Of Revenue": NaN,
    "EBITDA": NaN,
    "EBIT": NaN,
    "Net Interest Income": NaN,
    "Interest Expense": NaN,
    "Interest Income": NaN,
    "Normalized Income": NaN,
    "Net Income From Continuing And Discontinued Operation": NaN,
    "Total Expenses": NaN,
    "Rent Expense Supplemental": NaN,
    "Total Operating Income As Reported": NaN,
    "Diluted Average Shares": NaN,
    "Basic Average Shares": NaN,
    "Diluted EPS": NaN,
    "Basic EPS": NaN,
    "Diluted NI Availto Com Stockholders": NaN,
    "Average Dilution Earnings": NaN,
    "Net Income Common Stockholders": NaN,
    "Otherunder Preferred Stock Dividend": 31000000.0,
    "Net Income": NaN,
    "Minority Interests": NaN,
    "Net Income Including Noncontrolling Interests": NaN,
    "Net Income Continuous Operations": NaN,
    "Tax Provision": NaN,
    "Pretax Income": NaN,
    "Other Income Expense": NaN,
    "Other Non Operating Income Expenses": NaN,
    "Special Income Charges": NaN,
    "Restructuring And Mergern Acquisition": NaN,
    "Net Non Operating Interest Income Expense": NaN,
    "Interest Expense Non Operating": NaN,
    "Interest Income Non Operating": NaN,
    "Operating Income": NaN,
    "Operating Expense": NaN,
    "Research And Development": NaN,
    "Selling General And Administration": NaN,
    "Gross Profit": NaN,
    "Cost Of Revenue": NaN,
    "Total Revenue": NaN,
    "Operating Revenue": NaN,
    "symbol": "TSLA",
    "date": "2020-12-31"
  },
  {
    "Tax Effect Of Unusual Items": -584010000.0,
    "Tax Rate For Calcs": 0.378,
    "Normalized EBITDA": 25424000000.0,
    "Total Unusual Items": -1545000000.0,
    "Total Unusual Items Excluding Goodwill": -1545000000.0,
    "Net Income From Continuing Operation Net Minority Interest": 6168000000.0,
    "Reconciled Depreciation": 10010000000.0,
    "Reconciled Cost Of Revenue": 12299000000.0,
    "EBITDA": 23879000000.0,
    "EBIT": 13869000000.0,
    "Net Interest Income": -3492000000.0,
    "Interest Expense": 3953000000.0,
    "Interest Income": 461000000.0,
    "Normalized Income": 7128990000.0,
    "Net Income From Continuing And Discontinued Operation": 5895000000.0,
    "Total Expenses": 36578000000.0,
    "Total Operating Income As Reported": 13463000000.0,
    "Diluted Average Shares": 4778000000.0,
    "Basic Average Shares": 4624000000.0,
    "Diluted EPS": 1.23,
    "Basic EPS": 1.27,
    "Diluted NI Availto Com Stockholders": 5895000000.0,
    "Net Income Common Stockholders": 5895000000.0,
    "Preferred Stock Dividends": NaN,
    "Net Income": 5895000000.0,
    "Minority Interests": NaN,
    "Net Income Including Noncontrolling Interests": 5895000000.0,
    "Net Income Discontinuous Operations": -273000000.0,
    "Net Income Continuous Operations": 6168000000.0,
    "Tax Provision": 3748000000.0,
    "Pretax Income": 9916000000.0,
    "Other Income Expense": -1588000000.0,
    "Other Non Operating Income Expenses": -43000000.0,
    "Special Income Charges": -1533000000.0,
    "Other Special Charges": NaN,
    "Write Off": NaN,
    "Restructuring And Mergern Acquisition": 1533000000.0,
    "Gain On Sale Of Security": -12000000.0,
    "Net Non Operating Interest Income Expense": -3492000000.0,
    "Interest Expense Non Operating": 3953000000.0,
    "Interest Income Non Operating": 461000000.0,
    "Operating Income": 14996000000.0,
    "Operating Expense": 17513000000.0,
    "Depreciation Amortization Depletion Income Statement": 3244000000.0,
    "Depreciation And Amortization In Income Statement": 3244000000.0,
    "Amortization": 3244000000.0,
    "Amortization Of Intangibles Income Statement": 3244000000.0,
    "Research And Development": 9310000000.0,
    "Selling General And Administration": 4959000000.0,
    "Gross Profit": 32509000000.0,
    "Cost Of Revenue": 19065000000.0,
    "Total Revenue": 51574000000.0,
    "Operating Revenue": 51574000000.0,
    "symbol": "AVGO",
    "date": "2024-10-31"
  },
  {
    "Tax Effect Of Unusual Items": -15611000.0,
    "Tax Rate For Calcs": 0.067,
    "Normalized EBITDA": 20787000000.0,
    "Total Unusual Items": -233000000.0,
    "Total Unusual Items Excluding Goodwill": -233000000.0,
    "Net Income From Continuing Operation Net Minority Interest": 14082000000.0,
    "Reconciled Depreciation": 3835000000.0,
    "Reconciled Cost Of Revenue": 8688000000.0,
    "EBITDA": 20554000000.0,
    "EBIT": 16719000000.0,
    "Net Interest Income": -1087000000.0,
    "Interest Expense": 1622000000.0,
    "Interest Income": 535000000.0,
    "Normalized Income": 14299389000.0,
    "Net Income From Continuing And Discontinued Operation": 14082000000.0,
    "Total Expenses": 19368000000.0,
    "Total Operating Income As Reported": 16207000000.0,
    "Diluted Average Shares": 4270000000.0,
    "Basic Average Shares": 4150000000.0,
    "Diluted EPS": 3.298,
    "Basic EPS": 3.393,
    "Diluted NI Availto Com Stockholders": 14082000000.0,
    "Net Income Common Stockholders": 14082000000.0,
    "Preferred Stock Dividends": NaN,
    "Net Income": 14082000000.0,
    "Minority Interests": NaN,
    "Net Income Including Noncontrolling Interests": 14082000000.0,
    "Net Income Discontinuous Operations": 0.0,
    "Net Income Continuous Operations": 14082000000.0,
    "Tax Provision": 1015000000.0,
    "Pretax Income": 15097000000.0,
    "Other Income Expense": -267000000.0,
    "Other Non Operating Income Expenses": -34000000.0,
    "Special Income Charges": -244000000.0,
    "Other Special Charges": NaN,
    "Write Off": NaN,
    "Restructuring And Mergern Acquisition": 244000000.0,
    "Gain On Sale Of Security": 11000000.0,
    "Net Non Operating Interest Income Expense": -1087000000.0,
    "Interest Expense Non Operating": 1622000000.0,
    "Interest Income Non Operating": 535000000.0,
    "Operating Income": 16451000000.0,
    "Operating Expense": 8239000000.0,
    "Depreciation Amortization Depletion Income Statement": 1394000000.0,
    "Depreciation And Amortization In Income Statement": 1394000000.0,
    "Amortization": 1394000000.0,
    "Amortization Of Intangibles Income Statement": 1394000000.0,
    "Research And Development": 5253000000.0,
    "Selling General And Administration": 1592000000.0,
    "Gross Profit": 24690000000.0,
    "Cost Of Revenue": 11129000000.0,
    "Total Revenue": 35819000000.0,
    "Operating Revenue": 35819000000.0,
    "symbol": "AVGO",
    "date": "2023-10-31"
  },
  {
    "Tax Effect Of Unusual Items": -16950000.0,
    "Tax Rate For Calcs": 0.075,
    "Normalized EBITDA": 19381000000.0,
    "Total Unusual Items": -226000000.0,
    "Total Unusual Items Excluding Goodwill": -226000000.0,
    "Net Income From Continuing Operation Net Minority Interest": 11495000000.0,
    "Reconciled Depreciation": 4984000000.0,
    "Reconciled Cost Of Revenue": 7636000000.0,
    "EBITDA": 19155000000.0,
    "EBIT": 14171000000.0,
    "Net Interest Income": -1637000000.0,
    "Interest Expense": 1737000000.0,
    "Interest Income": 100000000.0,
    "Normalized Income": 11704050000.0,
    "Net Income From Continuing And Discontinued Operation": 11495000000.0,
    "Total Expenses": 18921000000.0,
    "Total Operating Income As Reported": 14225000000.0,
    "Diluted Average Shares": 4240601418.0,
    "Basic Average Shares": 4100250544.0,
    "Diluted EPS": 2.646368,
    "Basic EPS": 2.73714,
    "Diluted NI Availto Com Stockholders": 11223000000.0,
    "Net Income Common Stockholders": 11223000000.0,
    "Preferred Stock Dividends": 272000000.0,
    "Net Income": 11495000000.0,
    "Minority Interests": NaN,
    "Net Income Including Noncontrolling Interests": 11495000000.0,
    "Net Income Discontinuous Operations": 0.0,
    "Net Income Continuous Operations": 11495000000.0,
    "Tax Provision": 939000000.0,
    "Pretax Income": 12434000000.0,
    "Other Income Expense": -211000000.0,
    "Other Non Operating Income Expenses": 15000000.0,
    "Special Income Charges": -57000000.0,
    "Other Special Charges": NaN,
    "Write Off": NaN,
    "Restructuring And Mergern Acquisition": 57000000.0,
    "Gain On Sale Of Security": -169000000.0,
    "Net Non Operating Interest Income Expense": -1637000000.0,
    "Interest Expense Non Operating": 1737000000.0,
    "Interest Income Non Operating": 100000000.0,
    "Operating Income": 14282000000.0,
    "Operating Expense": 7813000000.0,
    "Depreciation Amortization Depletion Income Statement": 1512000000.0,
    "Depreciation And Amortization In Income Statement": 1512000000.0,
    "Amortization": 1512000000.0,
    "Amortization Of Intangibles Income Statement": 1512000000.0,
    "Research And Development": 4919000000.0,
    "Selling General And Administration": 1382000000.0,
    "Gross Profit": 22095000000.0,
    "Cost Of Revenue": 11108000000.0,
    "Total Revenue": 33203000000.0,
    "Operating Revenue": 33203000000.0,
    "symbol": "AVGO",
    "date": "2022-10-31"
  },
  {
    "Tax Effect Of Unusual Items": -196000.0,
    "Tax Rate For Calcs": 0.004,
    "Normalized EBITDA": 14740000000.0,
    "Total Unusual Items": -49000000.0,
    "Total Unusual Items Excluding Goodwill": -49000000.0,
    "Net Income From Continuing Operation Net Minority Interest": 6736000000.0,
    "Reconciled Depreciation": 6041000000.0,
    "Reconciled Cost Of Revenue": 6541000000.0,
    "EBITDA": 14691000000.0,
    "EBIT": 8650000000.0,
    "Net Interest Income": -1869000000.0,
    "Interest Expense": 1885000000.0,
    "Interest Income": 16000000.0,
    "Normalized Income": 6784804000.0,
    "Net Income From Continuing And Discontinued Operation": 6736000000.0,
    "Total Expenses": 18783000000.0,
    "Total Operating Income As Reported": 8519000000.0,
    "Diluted Average Shares": 4300751793.0,
    "Basic Average Shares": 4110275607.0,
    "Diluted EPS": 1.49625,
    "Basic EPS": 1.566075,
    "Diluted NI Availto Com Stockholders": 6437000000.0,
    "Net Income Common Stockholders": 6437000000.0,
    "Preferred Stock Dividends": 299000000.0,
    "Net Income": 6736000000.0,
    "Minority Interests": NaN,
    "Net Income Including Noncontrolling Interests": 6736000000.0,
    "Net Income Discontinuous Operations": 0.0,
    "Net Income Continuous Operations": 6736000000.0,
    "Tax Provision": 29000000.0,
    "Pretax Income": 6765000000.0,
    "Other Income Expense": -33000000.0,
    "Other Non Operating Income Expenses": 16000000.0,
    "Special Income Charges": -148000000.0,
    "Other Special Charges": NaN,
    "Write Off": NaN,
    "Restructuring And Mergern Acquisition": 148000000.0,
    "Gain On Sale Of Security": 99000000.0,
    "Net Non Operating Interest Income Expense": -1869000000.0,
    "Interest Expense Non Operating": 1885000000.0,
    "Interest Income Non Operating": 16000000.0,
    "Operating Income": 8667000000.0,
    "Operating Expense": 8177000000.0,
    "Depreciation Amortization Depletion Income Statement": 1976000000.0,
    "Depreciation And Amortization In Income Statement": 1976000000.0,
    "Amortization": 1976000000.0,
    "Amortization Of Intangibles Income Statement": 1976000000.0,
    "Research And Development": 4854000000.0,
    "Selling General And Administration": 1347000000.0,
    "Gross Profit": 16844000000.0,
    "Cost Of Revenue": 10606000000.0,
    "Total Revenue": 27450000000.0,
    "Operating Revenue": 27450000000.0,
    "symbol": "AVGO",
    "date": "2021-10-31"
  },
  {
    "Tax Effect Of Unusual Items": NaN,
    "Tax Rate For Calcs": NaN,
    "Normalized EBITDA": NaN,
    "Total Unusual Items": NaN,
    "Total Unusual Items Excluding Goodwill": NaN,
    "Net Income From Continuing Operation Net Minority Interest": NaN,
    "Reconciled Depreciation": NaN,
    "Reconciled Cost Of Revenue": NaN,
    "EBITDA": NaN,
    "EBIT": NaN,
    "Net Interest Income": NaN,
    "Interest Expense": NaN,
    "Interest Income": NaN,
    "Normalized Income": NaN,
    "Net Income From Continuing And Discontinued Operation": NaN,
    "Total Expenses": NaN,
    "Total Operating Income As Reported": NaN,
    "Diluted Average Shares": NaN,
    "Basic Average Shares": NaN,
    "Diluted EPS": NaN,
    "Basic EPS": NaN,
    "Diluted NI Availto Com Stockholders": NaN,
    "Net Income Common Stockholders": NaN,
    "Preferred Stock Dividends": 297000000.0,
    "Net Income": NaN,
    "Minority Interests": 0.0,
    "Net Income Including Noncontrolling Interests": NaN,
    "Net Income Discontinuous Operations": NaN,
    "Net Income Continuous Operations": NaN,
    "Tax Provision": NaN,
    "Pretax Income": NaN,
    "Other Income Expense": NaN,
    "Other Non Operating Income Expenses": NaN,
    "Special Income Charges": NaN,
    "Other Special Charges": -116000000.0,
    "Write Off": 0.0,
    "Restructuring And Mergern Acquisition": NaN,
    "Gain On Sale Of Security": NaN,
    "Net Non Operating Interest Income Expense": NaN,
    "Interest Expense Non Operating": NaN,
    "Interest Income Non Operating": NaN,
    "Operating Income": NaN,
    "Operating Expense": NaN,
    "Depreciation Amortization Depletion Income Statement": NaN,
    "Depreciation And Amortization In Income Statement": NaN,
    "Amortization": NaN,
    "Amortization Of Intangibles Income Statement": NaN,
    "Research And Development": NaN,
    "Selling General And Administration": NaN,
    "Gross Profit": NaN,
    "Cost Of Revenue": NaN,
    "Total Revenue": NaN,
    "Operating Revenue": NaN,
    "symbol": "AVGO",
    "date": "2020-10-31"
  },
  {
    "Tax Effect Of Unusual Items": -136141000.0,
    "Tax Rate For Calcs": 0.109,
    "Normalized EBITDA": 22643000000.0,
    "Total Unusual Items": -1249000000.0,
    "Total Unusual Items Excluding Goodwill": -1249000000.0,
    "Net Income From Continuing Operation Net Minority Interest": 10467000000.0,
    "Reconciled Depreciation": 6139000000.0,
    "Reconciled Cost Of Revenue": 12014000000.0,
    "EBITDA": 21394000000.0,
    "EBIT": 15255000000.0,
    "Net Interest Income": -3063000000.0,
    "Interest Expense": 3514000000.0,
    "Interest Income": 451000000.0,
    "Normalized Income": 11579859000.0,
    "Net Income From Continuing And Discontinued Operation": 10467000000.0,
    "Total Expenses": 36890000000.0,
    "Total Operating Income As Reported": 15353000000.0,
    "Diluted Average Shares": 2823000000.0,
    "Basic Average Shares": 2744000000.0,
    "Diluted EPS": 3.71,
    "Basic EPS": 3.82,
    "Diluted NI Availto Com Stockholders": 10467000000.0,
    "Net Income Common Stockholders": 10467000000.0,
    "Net Income": 10467000000.0,
    "Net Income Including Noncontrolling Interests": 10467000000.0,
    "Net Income Continuous Operations": 10467000000.0,
    "Tax Provision": 1274000000.0,
    "Pretax Income": 11741000000.0,
    "Other Income Expense": -1267000000.0,
    "Other Non Operating Income Expenses": 168000000.0,
    "Special Income Charges": -718000000.0,
    "Restructuring And Mergern Acquisition": 718000000.0,
    "Earnings From Equity Interest": -186000000.0,
    "Gain On Sale Of Security": -531000000.0,
    "Net Non Operating Interest Income Expense": -3063000000.0,
    "Interest Expense Non Operating": 3514000000.0,
    "Interest Income Non Operating": 451000000.0,
    "Operating Income": 16071000000.0,
    "Operating Expense": 21747000000.0,
    "Other Operating Expenses": NaN,
    "Depreciation Amortization Depletion Income Statement": 3010000000.0,
    "Depreciation And Amortization In Income Statement": 3010000000.0,
    "Amortization": 3010000000.0,
    "Amortization Of Intangibles Income Statement": 3010000000.0,
    "Research And Development": 8915000000.0,
    "Selling General And Administration": 9822000000.0,
    "Selling And Marketing Expense": 8274000000.0,
    "General And Administrative Expense": 1548000000.0,
    "Other Gand A": 1548000000.0,
    "Salaries And Wages": NaN,
    "Gross Profit": 37818000000.0,
    "Cost Of Revenue": 15143000000.0,
    "Total Revenue": 52961000000.0,
    "Operating Revenue": 52961000000.0,
    "symbol": "ORCL",
    "date": "2024-05-31"
  },
  {
    "Tax Effect Of Unusual Items": -85408000.0,
    "Tax Rate For Calcs": 0.068,
    "Normalized EBITDA": 19995000000.0,
    "Total Unusual Items": -1256000000.0,
    "Total Unusual Items Excluding Goodwill": -1256000000.0,
    "Net Income From Continuing Operation Net Minority Interest": 8503000000.0,
    "Reconciled Depreciation": 6108000000.0,
    "Reconciled Cost Of Revenue": 11038000000.0,
    "EBITDA": 18739000000.0,
    "EBIT": 12631000000.0,
    "Net Interest Income": -3220000000.0,
    "Interest Expense": 3505000000.0,
    "Interest Income": 285000000.0,
    "Normalized Income": 9673592000.0,
    "Net Income From Continuing And Discontinued Operation": 8503000000.0,
    "Total Expenses": 36181000000.0,
    "Total Operating Income As Reported": 13093000000.0,
    "Diluted Average Shares": 2766000000.0,
    "Basic Average Shares": 2696000000.0,
    "Diluted EPS": 3.07,
    "Basic EPS": 3.15,
    "Diluted NI Availto Com Stockholders": 8503000000.0,
    "Net Income Common Stockholders": 8503000000.0,
    "Net Income": 8503000000.0,
    "Net Income Including Noncontrolling Interests": 8503000000.0,
    "Net Income Continuous Operations": 8503000000.0,
    "Tax Provision": 623000000.0,
    "Pretax Income": 9126000000.0,
    "Other Income Expense": -1427000000.0,
    "Other Non Operating Income Expenses": -6000000.0,
    "Special Income Charges": -680000000.0,
    "Restructuring And Mergern Acquisition": 680000000.0,
    "Earnings From Equity Interest": -165000000.0,
    "Gain On Sale Of Security": -576000000.0,
    "Net Non Operating Interest Income Expense": -3220000000.0,
    "Interest Expense Non Operating": 3505000000.0,
    "Interest Income Non Operating": 285000000.0,
    "Operating Income": 13773000000.0,
    "Operating Expense": 22617000000.0,
    "Other Operating Expenses": 103000000.0,
    "Depreciation Amortization Depletion Income Statement": 3582000000.0,
    "Depreciation And Amortization In Income Statement": 3582000000.0,
    "Amortization": 3582000000.0,
    "Amortization Of Intangibles Income Statement": 3582000000.0,
    "Research And Development": 8623000000.0,
    "Selling General And Administration": 10412000000.0,
    "Selling And Marketing Expense": 8833000000.0,
    "General And Administrative Expense": 1579000000.0,
    "Other Gand A": 1579000000.0,
    "Salaries And Wages": NaN,
    "Gross Profit": 36390000000.0,
    "Cost Of Revenue": 13564000000.0,
    "Total Revenue": 49954000000.0,
    "Operating Revenue": 49954000000.0,
    "symbol": "ORCL",
    "date": "2023-05-31"
  },
  {
    "Tax Effect Of Unusual Items": -640500000.0,
    "Tax Rate For Calcs": 0.122,
    "Normalized EBITDA": 18776000000.0,
    "Total Unusual Items": -5250000000.0,
    "Total Unusual Items Excluding Goodwill": -5250000000.0,
    "Net Income From Continuing Operation Net Minority Interest": 6717000000.0,
    "Reconciled Depreciation": 3122000000.0,
    "Reconciled Cost Of Revenue": 6905000000.0,
    "EBITDA": 13526000000.0,
    "EBIT": 10404000000.0,
    "Net Interest Income": -2661000000.0,
    "Interest Expense": 2755000000.0,
    "Interest Income": 94000000.0,
    "Normalized Income": 11326500000.0,
    "Net Income From Continuing And Discontinued Operation": 6717000000.0,
    "Total Expenses": 26610000000.0,
    "Total Operating Income As Reported": 10926000000.0,
    "Diluted Average Shares": 2786000000.0,
    "Basic Average Shares": 2700000000.0,
    "Diluted EPS": 2.41,
    "Basic EPS": 2.49,
    "Diluted NI Availto Com Stockholders": 6717000000.0,
    "Net Income Common Stockholders": 6717000000.0,
    "Net Income": 6717000000.0,
    "Net Income Including Noncontrolling Interests": 6717000000.0,
    "Net Income Continuous Operations": 6717000000.0,
    "Tax Provision": 932000000.0,
    "Pretax Income": 7649000000.0,
    "Other Income Expense": -5520000000.0,
    "Other Non Operating Income Expenses": -86000000.0,
    "Special Income Charges": -4904000000.0,
    "Restructuring And Mergern Acquisition": 4904000000.0,
    "Earnings From Equity Interest": -184000000.0,
    "Gain On Sale Of Security": -346000000.0,
    "Net Non Operating Interest Income Expense": -2661000000.0,
    "Interest Expense Non Operating": 2755000000.0,
    "Interest Income Non Operating": 94000000.0,
    "Operating Income": 15830000000.0,
    "Operating Expense": 17733000000.0,
    "Other Operating Expenses": 4694000000.0,
    "Depreciation Amortization Depletion Income Statement": 1150000000.0,
    "Depreciation And Amortization In Income Statement": 1150000000.0,
    "Amortization": 1150000000.0,
    "Amortization Of Intangibles Income Statement": 1150000000.0,
    "Research And Development": 7219000000.0,
    "Selling General And Administration": 9364000000.0,
    "Selling And Marketing Expense": 8047000000.0,
    "General And Administrative Expense": 1317000000.0,
    "Other Gand A": 1317000000.0,
    "Salaries And Wages": NaN,
    "Gross Profit": 33563000000.0,
    "Cost Of Revenue": 8877000000.0,
    "Total Revenue": 42440000000.0,
    "Operating Revenue": 42440000000.0,
    "symbol": "ORCL",
    "date": "2022-05-31"
  },
  {
    "Tax Effect Of Unusual Items": -113130000.0,
    "Tax Rate For Calcs": 0.27,
    "Normalized EBITDA": 18830000000.0,
    "Total Unusual Items": -419000000.0,
    "Total Unusual Items Excluding Goodwill": -419000000.0,
    "Net Income From Continuing Operation Net Minority Interest": 13746000000.0,
    "Reconciled Depreciation": 2916000000.0,
    "Reconciled Cost Of Revenue": 6318000000.0,
    "EBITDA": 18411000000.0,
    "EBIT": 15495000000.0,
    "Net Interest Income": -2395000000.0,
    "Interest Expense": 2496000000.0,
    "Interest Income": 101000000.0,
    "Normalized Income": 14051870000.0,
    "Net Income From Continuing And Discontinued Operation": 13746000000.0,
    "Total Expenses": 24697000000.0,
    "Total Operating Income As Reported": 15213000000.0,
    "Diluted Average Shares": 3022000000.0,
    "Basic Average Shares": 2945000000.0,
    "Diluted EPS": 4.55,
    "Basic EPS": 4.67,
    "Diluted NI Availto Com Stockholders": 13746000000.0,
    "Net Income Common Stockholders": 13746000000.0,
    "Net Income": 13746000000.0,
    "Net Income Including Noncontrolling Interests": 13746000000.0,
    "Net Income Continuous Operations": 13746000000.0,
    "Tax Provision": -747000000.0,
    "Pretax Income": 12999000000.0,
    "Other Income Expense": -388000000.0,
    "Other Non Operating Income Expenses": 211000000.0,
    "Special Income Charges": -569000000.0,
    "Restructuring And Mergern Acquisition": 569000000.0,
    "Earnings From Equity Interest": -180000000.0,
    "Gain On Sale Of Security": 150000000.0,
    "Net Non Operating Interest Income Expense": -2395000000.0,
    "Interest Expense Non Operating": 2496000000.0,
    "Interest Income Non Operating": 101000000.0,
    "Operating Income": 15782000000.0,
    "Operating Expense": 16842000000.0,
    "Other Operating Expenses": 129000000.0,
    "Depreciation Amortization Depletion Income Statement": 1379000000.0,
    "Depreciation And Amortization In Income Statement": 1379000000.0,
    "Amortization": 1379000000.0,
    "Amortization Of Intangibles Income Statement": 1379000000.0,
    "Research And Development": 6527000000.0,
    "Selling General And Administration": 8936000000.0,
    "Selling And Marketing Expense": 7682000000.0,
    "General And Administrative Expense": 1254000000.0,
    "Other Gand A": 1254000000.0,
    "Salaries And Wages": 136000000.0,
    "Gross Profit": 32624000000.0,
    "Cost Of Revenue": 7855000000.0,
    "Total Revenue": 40479000000.0,
    "Operating Revenue": 40479000000.0,
    "symbol": "ORCL",
    "date": "2021-05-31"
  },
  {
    "Tax Effect Of Unusual Items": -148980000.0,
    "Tax Rate For Calcs": 0.156,
    "Normalized EBITDA": 16702000000.0,
    "Total Unusual Items": -955000000.0,
    "Total Unusual Items Excluding Goodwill": -955000000.0,
    "Net Income From Continuing Operation Net Minority Interest": 10320000000.0,
    "Reconciled Depreciation": 2507000000.0,
    "Reconciled Cost Of Revenue": 17166000000.0,
    "EBITDA": 15747000000.0,
    "EBIT": 13240000000.0,
    "Net Interest Income": 359000000.0,
    "Interest Expense": 1006000000.0,
    "Interest Income": 1365000000.0,
    "Normalized Income": 11126020000.0,
    "Net Income From Continuing And Discontinued Operation": 10320000000.0,
    "Total Expenses": 40833000000.0,
    "Total Operating Income As Reported": 12181000000.0,
    "Diluted Average Shares": 4062000000.0,
    "Basic Average Shares": 4043000000.0,
    "Diluted EPS": 2.54,
    "Basic EPS": 2.55,
    "Diluted NI Availto Com Stockholders": 10320000000.0,
    "Net Income Common Stockholders": 10320000000.0,
    "Net Income": 10320000000.0,
    "Net Income Including Noncontrolling Interests": 10320000000.0,
    "Net Income Continuous Operations": 10320000000.0,
    "Tax Provision": 1914000000.0,
    "Pretax Income": 12234000000.0,
    "Other Income Expense": -1095000000.0,
    "Other Non Operating Income Expenses": -140000000.0,
    "Special Income Charges": -789000000.0,
    "Restructuring And Mergern Acquisition": 789000000.0,
    "Gain On Sale Of Security": -166000000.0,
    "Net Non Operating Interest Income Expense": 359000000.0,
    "Interest Expense Non Operating": 1006000000.0,
    "Interest Income Non Operating": 1365000000.0,
    "Operating Income": 12970000000.0,
    "Operating Expense": 21858000000.0,
    "Depreciation Amortization Depletion Income Statement": 698000000.0,
    "Depreciation And Amortization In Income Statement": 698000000.0,
    "Amortization": 698000000.0,
    "Amortization Of Intangibles Income Statement": 698000000.0,
    "Research And Development": 7983000000.0,
    "Selling General And Administration": 13177000000.0,
    "Selling And Marketing Expense": 10364000000.0,
    "General And Administrative Expense": 2813000000.0,
    "Other Gand A": 2813000000.0,
    "Gross Profit": 34828000000.0,
    "Cost Of Revenue": 18975000000.0,
    "Total Revenue": 53803000000.0,
    "Operating Revenue": 53803000000.0,
    "symbol": "CSCO",
    "date": "2024-07-31"
  },
  {
    "Tax Effect Of Unusual Items": -125316000.0,
    "Tax Rate For Calcs": 0.177,
    "Normalized EBITDA": 18179000000.0,
    "Total Unusual Items": -708000000.0,
    "Total Unusual Items Excluding Goodwill": -708000000.0,
    "Net Income From Continuing Operation Net Minority Interest": 12613000000.0,
    "Reconciled Depreciation": 1726000000.0,
    "Reconciled Cost Of Revenue": 19801000000.0,
    "EBITDA": 17471000000.0,
    "EBIT": 15745000000.0,
    "Net Interest Income": 535000000.0,
    "Interest Expense": 427000000.0,
    "Interest Income": 962000000.0,
    "Normalized Income": 13195684000.0,
    "Net Income From Continuing And Discontinued Operation": 12613000000.0,
    "Total Expenses": 41436000000.0,
    "Total Operating Income As Reported": 15031000000.0,
    "Diluted Average Shares": 4105000000.0,
    "Basic Average Shares": 4093000000.0,
    "Diluted EPS": 3.07,
    "Basic EPS": 3.08,
    "Diluted NI Availto Com Stockholders": 12613000000.0,
    "Net Income Common Stockholders": 12613000000.0,
    "Net Income": 12613000000.0,
    "Net Income Including Noncontrolling Interests": 12613000000.0,
    "Net Income Continuous Operations": 12613000000.0,
    "Tax Provision": 2705000000.0,
    "Pretax Income": 15318000000.0,
    "Other Income Expense": -779000000.0,
    "Other Non Operating Income Expenses": -71000000.0,
    "Special Income Charges": -531000000.0,
    "Restructuring And Mergern Acquisition": 531000000.0,
    "Gain On Sale Of Security": -177000000.0,
    "Net Non Operating Interest Income Expense": 535000000.0,
    "Interest Expense Non Operating": 427000000.0,
    "Interest Income Non Operating": 962000000.0,
    "Operating Income": 15562000000.0,
    "Operating Expense": 20191000000.0,
    "Depreciation Amortization Depletion Income Statement": 282000000.0,
    "Depreciation And Amortization In Income Statement": 282000000.0,
    "Amortization": 282000000.0,
    "Amortization Of Intangibles Income Statement": 282000000.0,
    "Research And Development": 7551000000.0,
    "Selling General And Administration": 12358000000.0,
    "Selling And Marketing Expense": 9880000000.0,
    "General And Administrative Expense": 2478000000.0,
    "Other Gand A": 2478000000.0,
    "Gross Profit": 35753000000.0,
    "Cost Of Revenue": 21245000000.0,
    "Total Revenue": 56998000000.0,
    "Operating Revenue": 56998000000.0,
    "symbol": "CSCO",
    "date": "2023-07-31"
  },
  {
    "Tax Effect Of Unusual Items": 82984000.0,
    "Tax Rate For Calcs": 0.184,
    "Normalized EBITDA": 16343000000.0,
    "Total Unusual Items": 451000000.0,
    "Total Unusual Items Excluding Goodwill": 451000000.0,
    "Net Income From Continuing Operation Net Minority Interest": 11812000000.0,
    "Reconciled Depreciation": 1957000000.0,
    "Reconciled Cost Of Revenue": 17665000000.0,
    "EBITDA": 16794000000.0,
    "EBIT": 14837000000.0,
    "Net Interest Income": 116000000.0,
    "Interest Expense": 360000000.0,
    "Interest Income": 476000000.0,
    "Normalized Income": 11443984000.0,
    "Net Income From Continuing And Discontinued Operation": 11812000000.0,
    "Total Expenses": 37582000000.0,
    "Total Operating Income As Reported": 13969000000.0,
    "Diluted Average Shares": 4192000000.0,
    "Basic Average Shares": 4170000000.0,
    "Diluted EPS": 2.82,
    "Basic EPS": 2.83,
    "Diluted NI Availto Com Stockholders": 11812000000.0,
    "Net Income Common Stockholders": 11812000000.0,
    "Net Income": 11812000000.0,
    "Net Income Including Noncontrolling Interests": 11812000000.0,
    "Net Income Continuous Operations": 11812000000.0,
    "Tax Provision": 2665000000.0,
    "Pretax Income": 14477000000.0,
    "Other Income Expense": 386000000.0,
    "Other Non Operating Income Expenses": -65000000.0,
    "Special Income Charges": -6000000.0,
    "Restructuring And Mergern Acquisition": 6000000.0,
    "Gain On Sale Of Security": 457000000.0,
    "Net Non Operating Interest Income Expense": 116000000.0,
    "Interest Expense Non Operating": 360000000.0,
    "Interest Income Non Operating": 476000000.0,
    "Operating Income": 13975000000.0,
    "Operating Expense": 18273000000.0,
    "Depreciation Amortization Depletion Income Statement": 313000000.0,
    "Depreciation And Amortization In Income Statement": 313000000.0,
    "Amortization": 313000000.0,
    "Amortization Of Intangibles Income Statement": 313000000.0,
    "Research And Development": 6774000000.0,
    "Selling General And Administration": 11186000000.0,
    "Selling And Marketing Expense": 9085000000.0,
    "General And Administrative Expense": 2101000000.0,
    "Other Gand A": 2101000000.0,
    "Gross Profit": 32248000000.0,
    "Cost Of Revenue": 19309000000.0,
    "Total Revenue": 51557000000.0,
    "Operating Revenue": 51557000000.0,
    "symbol": "CSCO",
    "date": "2022-07-31"
  },
  {
    "Tax Effect Of Unusual Items": -112761000.0,
    "Tax Rate For Calcs": 0.201,
    "Normalized EBITDA": 16119000000.0,
    "Total Unusual Items": -561000000.0,
    "Total Unusual Items Excluding Goodwill": -561000000.0,
    "Net Income From Continuing Operation Net Minority Interest": 10591000000.0,
    "Reconciled Depreciation": 1862000000.0,
    "Reconciled Cost Of Revenue": 16277000000.0,
    "EBITDA": 15558000000.0,
    "EBIT": 13696000000.0,
    "Net Interest Income": 184000000.0,
    "Interest Expense": 434000000.0,
    "Interest Income": 618000000.0,
    "Normalized Income": 11039239000.0,
    "Net Income From Continuing And Discontinued Operation": 10591000000.0,
    "Total Expenses": 36099000000.0,
    "Total Operating Income As Reported": 12833000000.0,
    "Diluted Average Shares": 4236000000.0,
    "Basic Average Shares": 4222000000.0,
    "Diluted EPS": 2.5,
    "Basic EPS": 2.51,
    "Diluted NI Availto Com Stockholders": 10591000000.0,
    "Net Income Common Stockholders": 10591000000.0,
    "Net Income": 10591000000.0,
    "Net Income Including Noncontrolling Interests": 10591000000.0,
    "Net Income Continuous Operations": 10591000000.0,
    "Tax Provision": 2671000000.0,
    "Pretax Income": 13262000000.0,
    "Other Income Expense": -641000000.0,
    "Other Non Operating Income Expenses": -80000000.0,
    "Special Income Charges": -886000000.0,
    "Restructuring And Mergern Acquisition": 886000000.0,
    "Gain On Sale Of Security": 325000000.0,
    "Net Non Operating Interest Income Expense": 184000000.0,
    "Interest Expense Non Operating": 434000000.0,
    "Interest Income Non Operating": 618000000.0,
    "Operating Income": 13719000000.0,
    "Operating Expense": 18175000000.0,
    "Depreciation Amortization Depletion Income Statement": 215000000.0,
    "Depreciation And Amortization In Income Statement": 215000000.0,
    "Amortization": 215000000.0,
    "Amortization Of Intangibles Income Statement": 215000000.0,
    "Research And Development": 6549000000.0,
    "Selling General And Administration": 11411000000.0,
    "Selling And Marketing Expense": 9259000000.0,
    "General And Administrative Expense": 2152000000.0,
    "Other Gand A": 2152000000.0,
    "Gross Profit": 31894000000.0,
    "Cost Of Revenue": 17924000000.0,
    "Total Revenue": 49818000000.0,
    "Operating Revenue": 49818000000.0,
    "symbol": "CSCO",
    "date": "2021-07-31"
  },
  {
    "Tax Effect Of Unusual Items": -35340000.0,
    "Tax Rate For Calcs": 0.19,
    "Normalized EBITDA": 5444000000.0,
    "Total Unusual Items": -186000000.0,
    "Total Unusual Items Excluding Goodwill": -186000000.0,
    "Net Income From Continuing Operation Net Minority Interest": 1641000000.0,
    "Reconciled Depreciation": 3177000000.0,
    "Reconciled Cost Of Revenue": 11331000000.0,
    "EBITDA": 5258000000.0,
    "EBIT": 2081000000.0,
    "Net Interest Income": 90000000.0,
    "Interest Expense": 92000000.0,
    "Interest Income": 182000000.0,
    "Normalized Income": 1791660000.0,
    "Net Income From Continuing And Discontinued Operation": 1641000000.0,
    "Total Expenses": 23699000000.0,
    "Total Operating Income As Reported": 1900000000.0,
    "Diluted Average Shares": 1637000000.0,
    "Basic Average Shares": 1620000000.0,
    "Diluted EPS": 1.0,
    "Basic EPS": 1.01,
    "Diluted NI Availto Com Stockholders": 1641000000.0,
    "Average Dilution Earnings": NaN,
    "Net Income Common Stockholders": 1641000000.0,
    "Net Income": 1641000000.0,
    "Net Income Including Noncontrolling Interests": 1641000000.0,
    "Net Income Continuous Operations": 1641000000.0,
    "Earnings From Equity Interest Net Of Tax": 33000000.0,
    "Tax Provision": 381000000.0,
    "Pretax Income": 1989000000.0,
    "Other Income Expense": -187000000.0,
    "Other Non Operating Income Expenses": -3000000.0,
    "Special Income Charges": -186000000.0,
    "Other Special Charges": NaN,
    "Restructuring And Mergern Acquisition": 186000000.0,
    "Earnings From Equity Interest": 2000000.0,
    "Net Non Operating Interest Income Expense": 90000000.0,
    "Interest Expense Non Operating": 92000000.0,
    "Interest Income Non Operating": 182000000.0,
    "Operating Income": 2086000000.0,
    "Operating Expense": 10639000000.0,
    "Other Operating Expenses": -48000000.0,
    "Depreciation Amortization Depletion Income Statement": 1448000000.0,
    "Depreciation And Amortization In Income Statement": 1448000000.0,
    "Amortization": 1448000000.0,
    "Amortization Of Intangibles Income Statement": 1448000000.0,
    "Research And Development": 6456000000.0,
    "Selling General And Administration": 2783000000.0,
    "Gross Profit": 12725000000.0,
    "Cost Of Revenue": 13060000000.0,
    "Total Revenue": 25785000000.0,
    "Operating Revenue": 25785000000.0,
    "symbol": "AMD",
    "date": "2024-12-31"
  },
  {
    "Tax Effect Of Unusual Items": 0.0,
    "Tax Rate For Calcs": 0.21,
    "Normalized EBITDA": 4149000000.0,
    "Total Unusual Items": 0.0,
    "Total Unusual Items Excluding Goodwill": 0.0,
    "Net Income From Continuing Operation Net Minority Interest": 854000000.0,
    "Reconciled Depreciation": 3551000000.0,
    "Reconciled Cost Of Revenue": 10538000000.0,
    "EBITDA": 4149000000.0,
    "EBIT": 598000000.0,
    "Net Interest Income": 100000000.0,
    "Interest Expense": 106000000.0,
    "Interest Income": 206000000.0,
    "Normalized Income": 854000000.0,
    "Net Income From Continuing And Discontinued Operation": 854000000.0,
    "Total Expenses": 22279000000.0,
    "Total Operating Income As Reported": 401000000.0,
    "Diluted Average Shares": 1625000000.0,
    "Basic Average Shares": 1614000000.0,
    "Diluted EPS": 0.53,
    "Basic EPS": 0.53,
    "Diluted NI Availto Com Stockholders": 854000000.0,
    "Average Dilution Earnings": NaN,
    "Net Income Common Stockholders": 854000000.0,
    "Net Income": 854000000.0,
    "Net Income Including Noncontrolling Interests": 854000000.0,
    "Net Income Continuous Operations": 854000000.0,
    "Earnings From Equity Interest Net Of Tax": 16000000.0,
    "Tax Provision": -346000000.0,
    "Pretax Income": 492000000.0,
    "Other Income Expense": -9000000.0,
    "Other Non Operating Income Expenses": -8000000.0,
    "Special Income Charges": 0.0,
    "Other Special Charges": NaN,
    "Restructuring And Mergern Acquisition": 0.0,
    "Earnings From Equity Interest": -1000000.0,
    "Net Non Operating Interest Income Expense": 100000000.0,
    "Interest Expense Non Operating": 106000000.0,
    "Interest Income Non Operating": 206000000.0,
    "Operating Income": 401000000.0,
    "Operating Expense": 10059000000.0,
    "Other Operating Expenses": -34000000.0,
    "Depreciation Amortization Depletion Income Statement": 1869000000.0,
    "Depreciation And Amortization In Income Statement": 1869000000.0,
    "Amortization": 1869000000.0,
    "Amortization Of Intangibles Income Statement": 1869000000.0,
    "Research And Development": 5872000000.0,
    "Selling General And Administration": 2352000000.0,
    "Gross Profit": 10460000000.0,
    "Cost Of Revenue": 12220000000.0,
    "Total Revenue": 22680000000.0,
    "Operating Revenue": 22680000000.0,
    "symbol": "AMD",
    "date": "2023-12-31"
  },
  {
    "Tax Effect Of Unusual Items": 0.0,
    "Tax Rate For Calcs": 0.21,
    "Normalized EBITDA": 5534000000.0,
    "Total Unusual Items": 0.0,
    "Total Unusual Items Excluding Goodwill": 0.0,
    "Net Income From Continuing Operation Net Minority Interest": 1320000000.0,
    "Reconciled Depreciation": 4262000000.0,
    "Reconciled Cost Of Revenue": 10836000000.0,
    "EBITDA": 5534000000.0,
    "EBIT": 1272000000.0,
    "Net Interest Income": -23000000.0,
    "Interest Expense": 88000000.0,
    "Interest Income": 65000000.0,
    "Normalized Income": 1320000000.0,
    "Net Income From Continuing And Discontinued Operation": 1320000000.0,
    "Total Expenses": 22337000000.0,
    "Total Operating Income As Reported": 1264000000.0,
    "Diluted Average Shares": 1571000000.0,
    "Basic Average Shares": 1561000000.0,
    "Diluted EPS": 0.84,
    "Basic EPS": 0.85,
    "Diluted NI Availto Com Stockholders": 1320000000.0,
    "Average Dilution Earnings": 0.0,
    "Net Income Common Stockholders": 1320000000.0,
    "Net Income": 1320000000.0,
    "Net Income Including Noncontrolling Interests": 1320000000.0,
    "Net Income Continuous Operations": 1320000000.0,
    "Earnings From Equity Interest Net Of Tax": 14000000.0,
    "Tax Provision": -122000000.0,
    "Pretax Income": 1184000000.0,
    "Other Income Expense": -57000000.0,
    "Other Non Operating Income Expenses": 5000000.0,
    "Special Income Charges": 0.0,
    "Other Special Charges": NaN,
    "Restructuring And Mergern Acquisition": 0.0,
    "Earnings From Equity Interest": -62000000.0,
    "Net Non Operating Interest Income Expense": -23000000.0,
    "Interest Expense Non Operating": 88000000.0,
    "Interest Income Non Operating": 65000000.0,
    "Operating Income": 1264000000.0,
    "Operating Expense": 9339000000.0,
    "Other Operating Expenses": -102000000.0,
    "Depreciation Amortization Depletion Income Statement": 2100000000.0,
    "Depreciation And Amortization In Income Statement": 2100000000.0,
    "Amortization": 2100000000.0,
    "Amortization Of Intangibles Income Statement": 2100000000.0,
    "Research And Development": 5005000000.0,
    "Selling General And Administration": 2336000000.0,
    "Gross Profit": 10603000000.0,
    "Cost Of Revenue": 12998000000.0,
    "Total Revenue": 23601000000.0,
    "Operating Revenue": 23601000000.0,
    "symbol": "AMD",
    "date": "2022-12-31"
  },
  {
    "Tax Effect Of Unusual Items": -978740.801308,
    "Tax Rate For Calcs": 0.13982,
    "Normalized EBITDA": 4173000000.0,
    "Total Unusual Items": -7000000.0,
    "Total Unusual Items Excluding Goodwill": -7000000.0,
    "Net Income From Continuing Operation Net Minority Interest": 3162000000.0,
    "Reconciled Depreciation": 463000000.0,
    "Reconciled Cost Of Revenue": 8042000000.0,
    "EBITDA": 4166000000.0,
    "EBIT": 3703000000.0,
    "Net Interest Income": -26000000.0,
    "Interest Expense": 34000000.0,
    "Interest Income": 8000000.0,
    "Normalized Income": 3168021259.198692,
    "Net Income From Continuing And Discontinued Operation": 3162000000.0,
    "Total Expenses": 12786000000.0,
    "Total Operating Income As Reported": 3648000000.0,
    "Diluted Average Shares": 1229000000.0,
    "Basic Average Shares": 1213000000.0,
    "Diluted EPS": 2.57,
    "Basic EPS": 2.61,
    "Diluted NI Availto Com Stockholders": 3162000000.0,
    "Average Dilution Earnings": 0.0,
    "Net Income Common Stockholders": 3162000000.0,
    "Net Income": 3162000000.0,
    "Net Income Including Noncontrolling Interests": 3162000000.0,
    "Net Income Continuous Operations": 3162000000.0,
    "Earnings From Equity Interest Net Of Tax": 6000000.0,
    "Tax Provision": 513000000.0,
    "Pretax Income": 3669000000.0,
    "Other Income Expense": 47000000.0,
    "Other Non Operating Income Expenses": -2000000.0,
    "Special Income Charges": -7000000.0,
    "Other Special Charges": 7000000.0,
    "Restructuring And Mergern Acquisition": NaN,
    "Earnings From Equity Interest": 56000000.0,
    "Net Non Operating Interest Income Expense": -26000000.0,
    "Interest Expense Non Operating": 34000000.0,
    "Interest Income Non Operating": 8000000.0,
    "Operating Income": 3648000000.0,
    "Operating Expense": 4281000000.0,
    "Other Operating Expenses": -12000000.0,
    "Depreciation Amortization Depletion Income Statement": 0.0,
    "Depreciation And Amortization In Income Statement": 0.0,
    "Amortization": 0.0,
    "Amortization Of Intangibles Income Statement": 0.0,
    "Research And Development": 2845000000.0,
    "Selling General And Administration": 1448000000.0,
    "Gross Profit": 7929000000.0,
    "Cost Of Revenue": 8505000000.0,
    "Total Revenue": 16434000000.0,
    "Operating Revenue": 16434000000.0,
    "symbol": "AMD",
    "date": "2021-12-31"
  },
  {
    "Tax Effect Of Unusual Items": NaN,
    "Tax Rate For Calcs": NaN,
    "Normalized EBITDA": NaN,
    "Total Unusual Items": NaN,
    "Total Unusual Items Excluding Goodwill": NaN,
    "Net Income From Continuing Operation Net Minority Interest": NaN,
    "Reconciled Depreciation": NaN,
    "Reconciled Cost Of Revenue": NaN,
    "EBITDA": NaN,
    "EBIT": NaN,
    "Net Interest Income": NaN,
    "Interest Expense": NaN,
    "Interest Income": NaN,
    "Normalized Income": NaN,
    "Net Income From Continuing And Discontinued Operation": NaN,
    "Total Expenses": NaN,
    "Total Operating Income As Reported": NaN,
    "Diluted Average Shares": NaN,
    "Basic Average Shares": NaN,
    "Diluted EPS": NaN,
    "Basic EPS": NaN,
    "Diluted NI Availto Com Stockholders": NaN,
    "Average Dilution Earnings": 1000000.0,
    "Net Income Common Stockholders": NaN,
    "Net Income": NaN,
    "Net Income Including Noncontrolling Interests": NaN,
    "Net Income Continuous Operations": NaN,
    "Earnings From Equity Interest Net Of Tax": NaN,
    "Tax Provision": NaN,
    "Pretax Income": NaN,
    "Other Income Expense": NaN,
    "Other Non Operating Income Expenses": NaN,
    "Special Income Charges": NaN,
    "Other Special Charges": 54000000.0,
    "Restructuring And Mergern Acquisition": NaN,
    "Earnings From Equity Interest": NaN,
    "Net Non Operating Interest Income Expense": NaN,
    "Interest Expense Non Operating": NaN,
    "Interest Income Non Operating": NaN,
    "Operating Income": NaN,
    "Operating Expense": NaN,
    "Other Operating Expenses": NaN,
    "Depreciation Amortization Depletion Income Statement": NaN,
    "Depreciation And Amortization In Income Statement": NaN,
    "Amortization": NaN,
    "Amortization Of Intangibles Income Statement": NaN,
    "Research And Development": NaN,
    "Selling General And Administration": NaN,
    "Gross Profit": NaN,
    "Cost Of Revenue": NaN,
    "Total Revenue": NaN,
    "Operating Revenue": NaN,
    "symbol": "AMD",
    "date": "2020-12-31"
  },
  {
    "Tax Effect Of Unusual Items": -196400000.0,
    "Tax Rate For Calcs": 0.2,
    "Normalized EBITDA": 8939000000.0,
    "Total Unusual Items": -982000000.0,
    "Total Unusual Items Excluding Goodwill": -982000000.0,
    "Net Income From Continuing Operation Net Minority Interest": 5560000000.0,
    "Reconciled Depreciation": 857000000.0,
    "Reconciled Cost Of Revenue": 1670000000.0,
    "EBITDA": 7957000000.0,
    "EBIT": 7100000000.0,
    "Net Interest Income": 172000000.0,
    "Interest Expense": 169000000.0,
    "Interest Income": 341000000.0,
    "Normalized Income": 6345600000.0,
    "Net Income From Continuing And Discontinued Operation": 5560000000.0,
    "Total Expenses": 13764000000.0,
    "Total Operating Income As Reported": 6741000000.0,
    "Diluted Average Shares": 449700000.0,
    "Basic Average Shares": 447100000.0,
    "Diluted EPS": 12.36,
    "Basic EPS": 12.43,
    "Diluted NI Availto Com Stockholders": 5560000000.0,
    "Net Income Common Stockholders": 5560000000.0,
    "Net Income": 5560000000.0,
    "Net Income Including Noncontrolling Interests": 5560000000.0,
    "Net Income Continuous Operations": 5560000000.0,
    "Tax Provision": 1371000000.0,
    "Pretax Income": 6931000000.0,
    "Other Income Expense": -982000000.0,
    "Other Non Operating Income Expenses": NaN,
    "Special Income Charges": -1000000000.0,
    "Restructuring And Mergern Acquisition": 1000000000.0,
    "Gain On Sale Of Security": 18000000.0,
    "Net Non Operating Interest Income Expense": 172000000.0,
    "Interest Expense Non Operating": 169000000.0,
    "Interest Income Non Operating": 341000000.0,
    "Operating Income": 7741000000.0,
    "Operating Expense": 11406000000.0,
    "Depreciation Amortization Depletion Income Statement": 169000000.0,
    "Depreciation And Amortization In Income Statement": 169000000.0,
    "Amortization": 169000000.0,
    "Amortization Of Intangibles Income Statement": 169000000.0,
    "Research And Development": 3944000000.0,
    "Selling General And Administration": 7293000000.0,
    "Selling And Marketing Expense": 5764000000.0,
    "General And Administrative Expense": 1529000000.0,
    "Other Gand A": 1529000000.0,
    "Gross Profit": 19147000000.0,
    "Cost Of Revenue": 2358000000.0,
    "Total Revenue": 21505000000.0,
    "Operating Revenue": 21505000000.0,
    "symbol": "ADBE",
    "date": "2024-11-30"
  },
  {
    "Tax Effect Of Unusual Items": -1600000.0,
    "Tax Rate For Calcs": 0.2,
    "Normalized EBITDA": 7792000000.0,
    "Total Unusual Items": -8000000.0,
    "Total Unusual Items Excluding Goodwill": -8000000.0,
    "Net Income From Continuing Operation Net Minority Interest": 5428000000.0,
    "Reconciled Depreciation": 872000000.0,
    "Reconciled Cost Of Revenue": 1650000000.0,
    "EBITDA": 7784000000.0,
    "EBIT": 6912000000.0,
    "Net Interest Income": 156000000.0,
    "Interest Expense": 113000000.0,
    "Interest Income": 269000000.0,
    "Normalized Income": 5434400000.0,
    "Net Income From Continuing And Discontinued Operation": 5428000000.0,
    "Total Expenses": 12759000000.0,
    "Total Operating Income As Reported": 6650000000.0,
    "Diluted Average Shares": 459000000.0,
    "Basic Average Shares": 457000000.0,
    "Diluted EPS": 11.82,
    "Basic EPS": 11.87,
    "Diluted NI Availto Com Stockholders": 5428000000.0,
    "Net Income Common Stockholders": 5428000000.0,
    "Net Income": 5428000000.0,
    "Net Income Including Noncontrolling Interests": 5428000000.0,
    "Net Income Continuous Operations": 5428000000.0,
    "Tax Provision": 1371000000.0,
    "Pretax Income": 6799000000.0,
    "Other Income Expense": -7000000.0,
    "Other Non Operating Income Expenses": 1000000.0,
    "Special Income Charges": 0.0,
    "Restructuring And Mergern Acquisition": 0.0,
    "Gain On Sale Of Security": -8000000.0,
    "Net Non Operating Interest Income Expense": 156000000.0,
    "Interest Expense Non Operating": 113000000.0,
    "Interest Income Non Operating": 269000000.0,
    "Operating Income": 6650000000.0,
    "Operating Expense": 10405000000.0,
    "Depreciation Amortization Depletion Income Statement": 168000000.0,
    "Depreciation And Amortization In Income Statement": 168000000.0,
    "Amortization": 168000000.0,
    "Amortization Of Intangibles Income Statement": 168000000.0,
    "Research And Development": 3473000000.0,
    "Selling General And Administration": 6764000000.0,
    "Selling And Marketing Expense": 5351000000.0,
    "General And Administrative Expense": 1413000000.0,
    "Other Gand A": 1413000000.0,
    "Gross Profit": 17055000000.0,
    "Cost Of Revenue": 2354000000.0,
    "Total Revenue": 19409000000.0,
    "Operating Revenue": 19409000000.0,
    "symbol": "ADBE",
    "date": "2023-11-30"
  },
  {
    "Tax Effect Of Unusual Items": -8400000.0,
    "Tax Rate For Calcs": 0.21,
    "Normalized EBITDA": 7016000000.0,
    "Total Unusual Items": -40000000.0,
    "Total Unusual Items Excluding Goodwill": -40000000.0,
    "Net Income From Continuing Operation Net Minority Interest": 4756000000.0,
    "Reconciled Depreciation": 856000000.0,
    "Reconciled Cost Of Revenue": 1478000000.0,
    "EBITDA": 6976000000.0,
    "EBIT": 6120000000.0,
    "Net Interest Income": -51000000.0,
    "Interest Expense": 112000000.0,
    "Interest Income": 61000000.0,
    "Normalized Income": 4787600000.0,
    "Net Income From Continuing And Discontinued Operation": 4756000000.0,
    "Total Expenses": 11508000000.0,
    "Total Operating Income As Reported": 6098000000.0,
    "Diluted Average Shares": 471000000.0,
    "Basic Average Shares": 470000000.0,
    "Diluted EPS": 10.1,
    "Basic EPS": 10.13,
    "Diluted NI Availto Com Stockholders": 4756000000.0,
    "Net Income Common Stockholders": 4756000000.0,
    "Net Income": 4756000000.0,
    "Net Income Including Noncontrolling Interests": 4756000000.0,
    "Net Income Continuous Operations": 4756000000.0,
    "Tax Provision": 1252000000.0,
    "Pretax Income": 6008000000.0,
    "Other Income Expense": -39000000.0,
    "Other Non Operating Income Expenses": 1000000.0,
    "Special Income Charges": 0.0,
    "Restructuring And Mergern Acquisition": 0.0,
    "Gain On Sale Of Security": -40000000.0,
    "Net Non Operating Interest Income Expense": -51000000.0,
    "Interest Expense Non Operating": 112000000.0,
    "Interest Income Non Operating": 61000000.0,
    "Operating Income": 6098000000.0,
    "Operating Expense": 9343000000.0,
    "Depreciation Amortization Depletion Income Statement": 169000000.0,
    "Depreciation And Amortization In Income Statement": 169000000.0,
    "Amortization": 169000000.0,
    "Amortization Of Intangibles Income Statement": 169000000.0,
    "Research And Development": 2987000000.0,
    "Selling General And Administration": 6187000000.0,
    "Selling And Marketing Expense": 4968000000.0,
    "General And Administrative Expense": 1219000000.0,
    "Other Gand A": 1219000000.0,
    "Gross Profit": 15441000000.0,
    "Cost Of Revenue": 2165000000.0,
    "Total Revenue": 17606000000.0,
    "Operating Revenue": 17606000000.0,
    "symbol": "ADBE",
    "date": "2022-11-30"
  },
  {
    "Tax Effect Of Unusual Items": -150000.0,
    "Tax Rate For Calcs": 0.15,
    "Normalized EBITDA": 6607000000.0,
    "Total Unusual Items": -1000000.0,
    "Total Unusual Items Excluding Goodwill": -1000000.0,
    "Net Income From Continuing Operation Net Minority Interest": 4822000000.0,
    "Reconciled Depreciation": 788000000.0,
    "Reconciled Cost Of Revenue": 1249000000.0,
    "EBITDA": 6606000000.0,
    "EBIT": 5818000000.0,
    "Net Interest Income": -96000000.0,
    "Interest Expense": 113000000.0,
    "Interest Income": 17000000.0,
    "Normalized Income": 4822850000.0,
    "Net Income From Continuing And Discontinued Operation": 4822000000.0,
    "Total Expenses": 9983000000.0,
    "Total Operating Income As Reported": 5802000000.0,
    "Diluted Average Shares": 481000000.0,
    "Basic Average Shares": 477000000.0,
    "Diluted EPS": 10.02,
    "Basic EPS": 10.1,
    "Diluted NI Availto Com Stockholders": 4822000000.0,
    "Net Income Common Stockholders": 4822000000.0,
    "Net Income": 4822000000.0,
    "Net Income Including Noncontrolling Interests": 4822000000.0,
    "Net Income Continuous Operations": 4822000000.0,
    "Tax Provision": 883000000.0,
    "Pretax Income": 5705000000.0,
    "Other Income Expense": -1000000.0,
    "Other Non Operating Income Expenses": NaN,
    "Special Income Charges": NaN,
    "Restructuring And Mergern Acquisition": NaN,
    "Gain On Sale Of Security": -1000000.0,
    "Net Non Operating Interest Income Expense": -96000000.0,
    "Interest Expense Non Operating": 113000000.0,
    "Interest Income Non Operating": 17000000.0,
    "Operating Income": 5802000000.0,
    "Operating Expense": 8118000000.0,
    "Depreciation Amortization Depletion Income Statement": 172000000.0,
    "Depreciation And Amortization In Income Statement": 172000000.0,
    "Amortization": 172000000.0,
    "Amortization Of Intangibles Income Statement": 172000000.0,
    "Research And Development": 2540000000.0,
    "Selling General And Administration": 5406000000.0,
    "Selling And Marketing Expense": 4321000000.0,
    "General And Administrative Expense": 1085000000.0,
    "Other Gand A": 1085000000.0,
    "Gross Profit": 13920000000.0,
    "Cost Of Revenue": 1865000000.0,
    "Total Revenue": 15785000000.0,
    "Operating Revenue": 15785000000.0,
    "symbol": "ADBE",
    "date": "2021-11-30"
  },
  {
    "Tax Effect Of Unusual Items": NaN,
    "Tax Rate For Calcs": NaN,
    "Normalized EBITDA": NaN,
    "Total Unusual Items": NaN,
    "Total Unusual Items Excluding Goodwill": NaN,
    "Net Income From Continuing Operation Net Minority Interest": NaN,
    "Reconciled Depreciation": NaN,
    "Reconciled Cost Of Revenue": NaN,
    "EBITDA": NaN,
    "EBIT": NaN,
    "Net Interest Income": NaN,
    "Interest Expense": NaN,
    "Interest Income": NaN,
    "Normalized Income": NaN,
    "Net Income From Continuing And Discontinued Operation": NaN,
    "Total Expenses": NaN,
    "Total Operating Income As Reported": NaN,
    "Diluted Average Shares": NaN,
    "Basic Average Shares": NaN,
    "Diluted EPS": NaN,
    "Basic EPS": NaN,
    "Diluted NI Availto Com Stockholders": NaN,
    "Net Income Common Stockholders": NaN,
    "Net Income": NaN,
    "Net Income Including Noncontrolling Interests": NaN,
    "Net Income Continuous Operations": NaN,
    "Tax Provision": NaN,
    "Pretax Income": NaN,
    "Other Income Expense": NaN,
    "Other Non Operating Income Expenses": 1000000.0,
    "Special Income Charges": NaN,
    "Restructuring And Mergern Acquisition": NaN,
    "Gain On Sale Of Security": NaN,
    "Net Non Operating Interest Income Expense": NaN,
    "Interest Expense Non Operating": NaN,
    "Interest Income Non Operating": NaN,
    "Operating Income": NaN,
    "Operating Expense": NaN,
    "Depreciation Amortization Depletion Income Statement": NaN,
    "Depreciation And Amortization In Income Statement": NaN,
    "Amortization": NaN,
    "Amortization Of Intangibles Income Statement": NaN,
    "Research And Development": NaN,
    "Selling General And Administration": NaN,
    "Selling And Marketing Expense": NaN,
    "General And Administrative Expense": NaN,
    "Other Gand A": NaN,
    "Gross Profit": NaN,
    "Cost Of Revenue": NaN,
    "Total Revenue": NaN,
    "Operating Revenue": NaN,
    "symbol": "ADBE",
    "date": "2020-11-30"
  },
  {
    "Tax Effect Of Unusual Items": -98940000.0,
    "Tax Rate For Calcs": 0.17,
    "Normalized EBITDA": 11725000000.0,
    "Total Unusual Items": -582000000.0,
    "Total Unusual Items Excluding Goodwill": -582000000.0,
    "Net Income From Continuing Operation Net Minority Interest": 6197000000.0,
    "Reconciled Depreciation": 3477000000.0,
    "Reconciled Cost Of Revenue": 17286000000.0,
    "EBITDA": 11143000000.0,
    "EBIT": 7666000000.0,
    "Normalized Income": 6680060000.0,
    "Net Income From Continuing And Discontinued Operation": 6197000000.0,
    "Total Expenses": 38872000000.0,
    "Total Operating Income As Reported": 7205000000.0,
    "Diluted Average Shares": 974000000.0,
    "Basic Average Shares": 962000000.0,
    "Diluted EPS": 6.36,
    "Basic EPS": 6.44,
    "Diluted NI Availto Com Stockholders": 6197000000.0,
    "Net Income Common Stockholders": 6197000000.0,
    "Net Income": 6197000000.0,
    "Net Income Including Noncontrolling Interests": 6197000000.0,
    "Net Income Continuous Operations": 6197000000.0,
    "Tax Provision": 1241000000.0,
    "Pretax Income": 7438000000.0,
    "Other Income Expense": -228000000.0,
    "Other Non Operating Income Expenses": 354000000.0,
    "Special Income Charges": -1043000000.0,
    "Write Off": 582000000.0,
    "Restructuring And Mergern Acquisition": 461000000.0,
    "Gain On Sale Of Security": 461000000.0,
    "Operating Income": 7666000000.0,
    "Operating Expense": 21586000000.0,
    "Depreciation Amortization Depletion Income Statement": NaN,
    "Depreciation And Amortization In Income Statement": NaN,
    "Amortization": NaN,
    "Amortization Of Intangibles Income Statement": NaN,
    "Research And Development": 5493000000.0,
    "Selling General And Administration": 16093000000.0,
    "Selling And Marketing Expense": 13257000000.0,
    "General And Administrative Expense": 2836000000.0,
    "Other Gand A": 2836000000.0,
    "Salaries And Wages": NaN,
    "Gross Profit": 29252000000.0,
    "Cost Of Revenue": 17286000000.0,
    "Total Revenue": 37895000000.0,
    "Operating Revenue": 37895000000.0,
    "symbol": "CRM",
    "date": "2025-01-31"
  },
  {
    "Tax Effect Of Unusual Items": -202400000.0,
    "Tax Rate For Calcs": 0.16,
    "Normalized EBITDA": 11223000000.0,
    "Total Unusual Items": -1265000000.0,
    "Total Unusual Items Excluding Goodwill": -1265000000.0,
    "Net Income From Continuing Operation Net Minority Interest": 4136000000.0,
    "Reconciled Depreciation": 3959000000.0,
    "Reconciled Cost Of Revenue": 17082000000.0,
    "EBITDA": 9958000000.0,
    "EBIT": 5999000000.0,
    "Normalized Income": 5198600000.0,
    "Net Income From Continuing And Discontinued Operation": 4136000000.0,
    "Total Expenses": 37399000000.0,
    "Total Operating Income As Reported": 5011000000.0,
    "Diluted Average Shares": 984000000.0,
    "Basic Average Shares": 974000000.0,
    "Diluted EPS": 4.2,
    "Basic EPS": 4.25,
    "Diluted NI Availto Com Stockholders": 4136000000.0,
    "Net Income Common Stockholders": 4136000000.0,
    "Net Income": 4136000000.0,
    "Net Income Including Noncontrolling Interests": 4136000000.0,
    "Net Income Continuous Operations": 4136000000.0,
    "Tax Provision": 814000000.0,
    "Pretax Income": 4950000000.0,
    "Other Income Expense": -1049000000.0,
    "Other Non Operating Income Expenses": 216000000.0,
    "Special Income Charges": -1454000000.0,
    "Write Off": 466000000.0,
    "Restructuring And Mergern Acquisition": 988000000.0,
    "Gain On Sale Of Security": 189000000.0,
    "Operating Income": 5999000000.0,
    "Operating Expense": 20317000000.0,
    "Depreciation Amortization Depletion Income Statement": 891000000.0,
    "Depreciation And Amortization In Income Statement": 891000000.0,
    "Amortization": 891000000.0,
    "Amortization Of Intangibles Income Statement": 891000000.0,
    "Research And Development": 4906000000.0,
    "Selling General And Administration": 15411000000.0,
    "Selling And Marketing Expense": 12877000000.0,
    "General And Administrative Expense": 2534000000.0,
    "Other Gand A": 2534000000.0,
    "Salaries And Wages": 1062000000.0,
    "Gross Profit": 26316000000.0,
    "Cost Of Revenue": 17082000000.0,
    "Total Revenue": 34857000000.0,
    "Operating Revenue": 34857000000.0,
    "symbol": "CRM",
    "date": "2024-01-31"
  },
  {
    "Tax Effect Of Unusual Items": -224070000.0,
    "Tax Rate For Calcs": 0.21,
    "Normalized EBITDA": 6711000000.0,
    "Total Unusual Items": -1067000000.0,
    "Total Unusual Items Excluding Goodwill": -1067000000.0,
    "Net Income From Continuing Operation Net Minority Interest": 208000000.0,
    "Reconciled Depreciation": 3786000000.0,
    "Reconciled Cost Of Revenue": 16720000000.0,
    "EBITDA": 5644000000.0,
    "EBIT": 1858000000.0,
    "Normalized Income": 1050930000.0,
    "Net Income From Continuing And Discontinued Operation": 208000000.0,
    "Total Expenses": 37854000000.0,
    "Total Operating Income As Reported": 1030000000.0,
    "Diluted Average Shares": 997000000.0,
    "Basic Average Shares": 992000000.0,
    "Diluted EPS": 0.21,
    "Basic EPS": 0.21,
    "Diluted NI Availto Com Stockholders": 208000000.0,
    "Net Income Common Stockholders": 208000000.0,
    "Net Income": 208000000.0,
    "Net Income Including Noncontrolling Interests": 208000000.0,
    "Net Income Continuous Operations": 208000000.0,
    "Tax Provision": 452000000.0,
    "Pretax Income": 660000000.0,
    "Other Income Expense": -1198000000.0,
    "Other Non Operating Income Expenses": -131000000.0,
    "Special Income Charges": -1319000000.0,
    "Write Off": 491000000.0,
    "Restructuring And Mergern Acquisition": 828000000.0,
    "Gain On Sale Of Security": 252000000.0,
    "Operating Income": 1858000000.0,
    "Operating Expense": 21134000000.0,
    "Depreciation Amortization Depletion Income Statement": 916000000.0,
    "Depreciation And Amortization In Income Statement": 916000000.0,
    "Amortization": 916000000.0,
    "Amortization Of Intangibles Income Statement": 916000000.0,
    "Research And Development": 5055000000.0,
    "Selling General And Administration": 16079000000.0,
    "Selling And Marketing Expense": 13526000000.0,
    "General And Administrative Expense": 2553000000.0,
    "Other Gand A": 2553000000.0,
    "Salaries And Wages": 1256000000.0,
    "Gross Profit": 22992000000.0,
    "Cost Of Revenue": 16720000000.0,
    "Total Revenue": 31352000000.0,
    "Operating Revenue": 31352000000.0,
    "symbol": "CRM",
    "date": "2023-01-31"
  },
  {
    "Tax Effect Of Unusual Items": 69561357.70235,
    "Tax Rate For Calcs": 0.057441,
    "Normalized EBITDA": 2635000000.0,
    "Total Unusual Items": 1211000000.0,
    "Total Unusual Items Excluding Goodwill": 1211000000.0,
    "Net Income From Continuing Operation Net Minority Interest": 1444000000.0,
    "Reconciled Depreciation": 3298000000.0,
    "Reconciled Cost Of Revenue": 7026000000.0,
    "EBITDA": 3846000000.0,
    "EBIT": 548000000.0,
    "Normalized Income": 302561357.70235,
    "Net Income From Continuing And Discontinued Operation": 1444000000.0,
    "Total Expenses": 25944000000.0,
    "Total Operating Income As Reported": 548000000.0,
    "Diluted Average Shares": 974000000.0,
    "Basic Average Shares": 955000000.0,
    "Diluted EPS": 1.48,
    "Basic EPS": 1.51,
    "Diluted NI Availto Com Stockholders": 1444000000.0,
    "Net Income Common Stockholders": 1444000000.0,
    "Net Income": 1444000000.0,
    "Net Income Including Noncontrolling Interests": 1444000000.0,
    "Net Income Continuous Operations": 1444000000.0,
    "Tax Provision": 88000000.0,
    "Pretax Income": 1532000000.0,
    "Other Income Expense": 984000000.0,
    "Other Non Operating Income Expenses": -227000000.0,
    "Special Income Charges": -51000000.0,
    "Write Off": 51000000.0,
    "Restructuring And Mergern Acquisition": 0.0,
    "Gain On Sale Of Security": 1262000000.0,
    "Operating Income": 548000000.0,
    "Operating Expense": 18918000000.0,
    "Depreciation Amortization Depletion Income Statement": 727000000.0,
    "Depreciation And Amortization In Income Statement": 727000000.0,
    "Amortization": 727000000.0,
    "Amortization Of Intangibles Income Statement": 727000000.0,
    "Research And Development": 4465000000.0,
    "Selling General And Administration": 14453000000.0,
    "Selling And Marketing Expense": 11855000000.0,
    "General And Administrative Expense": 2598000000.0,
    "Other Gand A": 2598000000.0,
    "Salaries And Wages": 1104000000.0,
    "Gross Profit": 19466000000.0,
    "Cost Of Revenue": 7026000000.0,
    "Total Revenue": 26492000000.0,
    "Operating Revenue": 26492000000.0,
    "symbol": "CRM",
    "date": "2022-01-31"
  },
  {
    "Tax Effect Of Unusual Items": -1571430000.0,
    "Tax Rate For Calcs": 0.21,
    "Normalized EBITDA": 8686000000.0,
    "Total Unusual Items": -7483000000.0,
    "Total Unusual Items Excluding Goodwill": -7483000000.0,
    "Net Income From Continuing Operation Net Minority Interest": -18756000000.0,
    "Reconciled Depreciation": 11379000000.0,
    "Reconciled Cost Of Revenue": 35756000000.0,
    "EBITDA": 1203000000.0,
    "EBIT": -10176000000.0,
    "Net Interest Income": 981000000.0,
    "Interest Expense": 1034000000.0,
    "Interest Income": 1805000000.0,
    "Normalized Income": -12844430000.0,
    "Net Income From Continuing And Discontinued Operation": -18756000000.0,
    "Total Expenses": 57809000000.0,
    "Total Operating Income As Reported": -11678000000.0,
    "Diluted Average Shares": 4280000000.0,
    "Basic Average Shares": 4280000000.0,
    "Diluted EPS": -4.38,
    "Basic EPS": -4.38,
    "Diluted NI Availto Com Stockholders": -18756000000.0,
    "Net Income Common Stockholders": -18756000000.0,
    "Net Income": -18756000000.0,
    "Minority Interests": 477000000.0,
    "Net Income Including Noncontrolling Interests": -19233000000.0,
    "Net Income Continuous Operations": -19233000000.0,
    "Tax Provision": 8023000000.0,
    "Pretax Income": -11210000000.0,
    "Other Income Expense": -7483000000.0,
    "Other Non Operating Income Expenses": NaN,
    "Special Income Charges": -7317000000.0,
    "Gain On Sale Of Business": NaN,
    "Other Special Charges": 858000000.0,
    "Write Off": 3978000000.0,
    "Restructuring And Mergern Acquisition": 2481000000.0,
    "Gain On Sale Of Security": -166000000.0,
    "Net Non Operating Interest Income Expense": 981000000.0,
    "Total Other Finance Cost": -210000000.0,
    "Interest Expense Non Operating": 1034000000.0,
    "Interest Income Non Operating": 1805000000.0,
    "Operating Income": -4708000000.0,
    "Operating Expense": 22053000000.0,
    "Research And Development": 16546000000.0,
    "Selling General And Administration": 5507000000.0,
    "Gross Profit": 17345000000.0,
    "Cost Of Revenue": 35756000000.0,
    "Total Revenue": 53101000000.0,
    "Operating Revenue": 53101000000.0,
    "symbol": "INTC",
    "date": "2024-12-31"
  },
  {
    "Tax Effect Of Unusual Items": 21420000.0,
    "Tax Rate For Calcs": 0.21,
    "Normalized EBITDA": 11140000000.0,
    "Total Unusual Items": 102000000.0,
    "Total Unusual Items Excluding Goodwill": 102000000.0,
    "Net Income From Continuing Operation Net Minority Interest": 1689000000.0,
    "Reconciled Depreciation": 9602000000.0,
    "Reconciled Cost Of Revenue": 32517000000.0,
    "EBITDA": 11242000000.0,
    "EBIT": 1640000000.0,
    "Net Interest Income": 629000000.0,
    "Interest Expense": 878000000.0,
    "Interest Income": 1335000000.0,
    "Normalized Income": 1608420000.0,
    "Net Income From Continuing And Discontinued Operation": 1689000000.0,
    "Total Expenses": 54197000000.0,
    "Total Operating Income As Reported": 93000000.0,
    "Diluted Average Shares": 4212000000.0,
    "Basic Average Shares": 4190000000.0,
    "Diluted EPS": 0.4,
    "Basic EPS": 0.4,
    "Diluted NI Availto Com Stockholders": 1689000000.0,
    "Net Income Common Stockholders": 1689000000.0,
    "Net Income": 1689000000.0,
    "Minority Interests": 14000000.0,
    "Net Income Including Noncontrolling Interests": 1675000000.0,
    "Net Income Continuous Operations": 1675000000.0,
    "Tax Provision": -913000000.0,
    "Pretax Income": 762000000.0,
    "Other Income Expense": 102000000.0,
    "Other Non Operating Income Expenses": NaN,
    "Special Income Charges": -152000000.0,
    "Gain On Sale Of Business": NaN,
    "Other Special Charges": -329000000.0,
    "Write Off": 259000000.0,
    "Restructuring And Mergern Acquisition": 222000000.0,
    "Gain On Sale Of Security": 254000000.0,
    "Net Non Operating Interest Income Expense": 629000000.0,
    "Total Other Finance Cost": -172000000.0,
    "Interest Expense Non Operating": 878000000.0,
    "Interest Income Non Operating": 1335000000.0,
    "Operating Income": 31000000.0,
    "Operating Expense": 21680000000.0,
    "Research And Development": 16046000000.0,
    "Selling General And Administration": 5634000000.0,
    "Gross Profit": 21711000000.0,
    "Cost Of Revenue": 32517000000.0,
    "Total Revenue": 54228000000.0,
    "Operating Revenue": 54228000000.0,
    "symbol": "INTC",
    "date": "2023-12-31"
  },
  {
    "Tax Effect Of Unusual Items": 1105860000.0,
    "Tax Rate For Calcs": 0.21,
    "Normalized EBITDA": 16033000000.0,
    "Total Unusual Items": 5266000000.0,
    "Total Unusual Items Excluding Goodwill": 5266000000.0,
    "Net Income From Continuing Operation Net Minority Interest": 8014000000.0,
    "Reconciled Depreciation": 13035000000.0,
    "Reconciled Cost Of Revenue": 36188000000.0,
    "EBITDA": 21299000000.0,
    "EBIT": 8264000000.0,
    "Net Interest Income": 166000000.0,
    "Interest Expense": 496000000.0,
    "Interest Income": 589000000.0,
    "Normalized Income": 3853860000.0,
    "Net Income From Continuing And Discontinued Operation": 8014000000.0,
    "Total Expenses": 60718000000.0,
    "Total Operating Income As Reported": 2334000000.0,
    "Diluted Average Shares": 4123000000.0,
    "Basic Average Shares": 4108000000.0,
    "Diluted EPS": 1.94,
    "Basic EPS": 1.95,
    "Diluted NI Availto Com Stockholders": 8014000000.0,
    "Net Income Common Stockholders": 8014000000.0,
    "Net Income": 8014000000.0,
    "Minority Interests": -3000000.0,
    "Net Income Including Noncontrolling Interests": 8017000000.0,
    "Net Income Continuous Operations": 8017000000.0,
    "Tax Provision": -249000000.0,
    "Pretax Income": 7768000000.0,
    "Other Income Expense": 5266000000.0,
    "Other Non Operating Income Expenses": NaN,
    "Special Income Charges": 808000000.0,
    "Gain On Sale Of Business": 1000000000.0,
    "Other Special Charges": -1187000000.0,
    "Write Off": 341000000.0,
    "Restructuring And Mergern Acquisition": 1038000000.0,
    "Gain On Sale Of Security": 4458000000.0,
    "Net Non Operating Interest Income Expense": 166000000.0,
    "Total Other Finance Cost": -73000000.0,
    "Interest Expense Non Operating": 496000000.0,
    "Interest Income Non Operating": 589000000.0,
    "Operating Income": 2336000000.0,
    "Operating Expense": 24530000000.0,
    "Research And Development": 17528000000.0,
    "Selling General And Administration": 7002000000.0,
    "Gross Profit": 26866000000.0,
    "Cost Of Revenue": 36188000000.0,
    "Total Revenue": 63054000000.0,
    "Operating Revenue": 63054000000.0,
    "symbol": "INTC",
    "date": "2022-12-31"
  },
  {
    "Tax Effect Of Unusual Items": 8755000.0,
    "Tax Rate For Calcs": 0.085,
    "Normalized EBITDA": 33989000000.0,
    "Total Unusual Items": 103000000.0,
    "Total Unusual Items Excluding Goodwill": 103000000.0,
    "Net Income From Continuing Operation Net Minority Interest": 19868000000.0,
    "Reconciled Depreciation": 11792000000.0,
    "Reconciled Cost Of Revenue": 35209000000.0,
    "EBITDA": 34092000000.0,
    "EBIT": 22300000000.0,
    "Net Interest Income": -482000000.0,
    "Interest Expense": 597000000.0,
    "Interest Income": 144000000.0,
    "Normalized Income": 19773755000.0,
    "Net Income From Continuing And Discontinued Operation": 19868000000.0,
    "Total Expenses": 56942000000.0,
    "Total Operating Income As Reported": 19456000000.0,
    "Diluted Average Shares": 4090000000.0,
    "Basic Average Shares": 4059000000.0,
    "Diluted EPS": 4.86,
    "Basic EPS": 4.89,
    "Diluted NI Availto Com Stockholders": 19868000000.0,
    "Net Income Common Stockholders": 19868000000.0,
    "Net Income": 19868000000.0,
    "Minority Interests": 0.0,
    "Net Income Including Noncontrolling Interests": 19868000000.0,
    "Net Income Continuous Operations": 19868000000.0,
    "Tax Provision": 1835000000.0,
    "Pretax Income": 21703000000.0,
    "Other Income Expense": 103000000.0,
    "Other Non Operating Income Expenses": NaN,
    "Special Income Charges": -2780000000.0,
    "Gain On Sale Of Business": NaN,
    "Other Special Charges": 2291000000.0,
    "Write Off": 441000000.0,
    "Restructuring And Mergern Acquisition": 48000000.0,
    "Gain On Sale Of Security": 2883000000.0,
    "Net Non Operating Interest Income Expense": -482000000.0,
    "Total Other Finance Cost": 29000000.0,
    "Interest Expense Non Operating": 597000000.0,
    "Interest Income Non Operating": 144000000.0,
    "Operating Income": 22082000000.0,
    "Operating Expense": 21733000000.0,
    "Research And Development": 15190000000.0,
    "Selling General And Administration": 6543000000.0,
    "Gross Profit": 43815000000.0,
    "Cost Of Revenue": 35209000000.0,
    "Total Revenue": 79024000000.0,
    "Operating Revenue": 79024000000.0,
    "symbol": "INTC",
    "date": "2021-12-31"
  },
  {
    "Tax Effect Of Unusual Items": NaN,
    "Tax Rate For Calcs": NaN,
    "Normalized EBITDA": NaN,
    "Total Unusual Items": NaN,
    "Total Unusual Items Excluding Goodwill": NaN,
    "Net Income From Continuing Operation Net Minority Interest": NaN,
    "Reconciled Depreciation": NaN,
    "Reconciled Cost Of Revenue": NaN,
    "EBITDA": NaN,
    "EBIT": NaN,
    "Net Interest Income": NaN,
    "Interest Expense": NaN,
    "Interest Income": NaN,
    "Normalized Income": NaN,
    "Net Income From Continuing And Discontinued Operation": NaN,
    "Total Expenses": NaN,
    "Total Operating Income As Reported": NaN,
    "Diluted Average Shares": NaN,
    "Basic Average Shares": NaN,
    "Diluted EPS": NaN,
    "Basic EPS": NaN,
    "Diluted NI Availto Com Stockholders": NaN,
    "Net Income Common Stockholders": NaN,
    "Net Income": NaN,
    "Minority Interests": NaN,
    "Net Income Including Noncontrolling Interests": NaN,
    "Net Income Continuous Operations": NaN,
    "Tax Provision": NaN,
    "Pretax Income": NaN,
    "Other Income Expense": NaN,
    "Other Non Operating Income Expenses": -147000000.0,
    "Special Income Charges": NaN,
    "Gain On Sale Of Business": NaN,
    "Other Special Charges": NaN,
    "Write Off": NaN,
    "Restructuring And Mergern Acquisition": NaN,
    "Gain On Sale Of Security": NaN,
    "Net Non Operating Interest Income Expense": NaN,
    "Total Other Finance Cost": NaN,
    "Interest Expense Non Operating": NaN,
    "Interest Income Non Operating": NaN,
    "Operating Income": NaN,
    "Operating Expense": NaN,
    "Research And Development": NaN,
    "Selling General And Administration": NaN,
    "Gross Profit": NaN,
    "Cost Of Revenue": NaN,
    "Total Revenue": NaN,
    "Operating Revenue": NaN,
    "symbol": "INTC",
    "date": "2020-12-31"
  },
  {
    "Tax Effect Of Unusual Items": 1780000.0,
    "Tax Rate For Calcs": 0.02,
    "Normalized EBITDA": 12650000000.0,
    "Total Unusual Items": 89000000.0,
    "Total Unusual Items Excluding Goodwill": 89000000.0,
    "Net Income From Continuing Operation Net Minority Interest": 10110000000.0,
    "Reconciled Depreciation": 1706000000.0,
    "Reconciled Cost Of Revenue": 17060000000.0,
    "EBITDA": 12739000000.0,
    "EBIT": 11033000000.0,
    "Net Interest Income": -22000000.0,
    "Interest Expense": 697000000.0,
    "Interest Income": 675000000.0,
    "Normalized Income": 10022780000.0,
    "Net Income From Continuing And Discontinued Operation": 10142000000.0,
    "Total Expenses": 28891000000.0,
    "Total Operating Income As Reported": 10071000000.0,
    "Diluted Average Shares": 1130000000.0,
    "Basic Average Shares": 1116000000.0,
    "Diluted EPS": 8.97,
    "Basic EPS": 9.09,
    "Diluted NI Availto Com Stockholders": 10142000000.0,
    "Net Income Common Stockholders": 10142000000.0,
    "Net Income": 10142000000.0,
    "Net Income Including Noncontrolling Interests": 10142000000.0,
    "Net Income Discontinuous Operations": 32000000.0,
    "Net Income Continuous Operations": 10110000000.0,
    "Tax Provision": 226000000.0,
    "Pretax Income": 10336000000.0,
    "Other Income Expense": 287000000.0,
    "Other Non Operating Income Expenses": 198000000.0,
    "Special Income Charges": -79000000.0,
    "Write Off": 79000000.0,
    "Earnings From Equity Interest": NaN,
    "Gain On Sale Of Security": 168000000.0,
    "Net Non Operating Interest Income Expense": -22000000.0,
    "Interest Expense Non Operating": 697000000.0,
    "Interest Income Non Operating": 675000000.0,
    "Operating Income": 10071000000.0,
    "Operating Expense": 11831000000.0,
    "Other Operating Expenses": 179000000.0,
    "Research And Development": 8893000000.0,
    "Selling General And Administration": 2759000000.0,
    "Gross Profit": 21902000000.0,
    "Cost Of Revenue": 17060000000.0,
    "Total Revenue": 38962000000.0,
    "Operating Revenue": 38962000000.0,
    "symbol": "QCOM",
    "date": "2024-09-30"
  },
  {
    "Tax Effect Of Unusual Items": -500000.0,
    "Tax Rate For Calcs": 0.01,
    "Normalized EBITDA": 9996000000.0,
    "Total Unusual Items": -50000000.0,
    "Total Unusual Items Excluding Goodwill": -50000000.0,
    "Net Income From Continuing Operation Net Minority Interest": 7339000000.0,
    "Reconciled Depreciation": 1809000000.0,
    "Reconciled Cost Of Revenue": 15869000000.0,
    "EBITDA": 9946000000.0,
    "EBIT": 8137000000.0,
    "Net Interest Income": -381000000.0,
    "Interest Expense": 694000000.0,
    "Interest Income": 313000000.0,
    "Normalized Income": 7388500000.0,
    "Net Income From Continuing And Discontinued Operation": 7232000000.0,
    "Total Expenses": 28032000000.0,
    "Total Operating Income As Reported": 7788000000.0,
    "Diluted Average Shares": 1126000000.0,
    "Basic Average Shares": 1117000000.0,
    "Diluted EPS": 6.42,
    "Basic EPS": 6.47,
    "Diluted NI Availto Com Stockholders": 7232000000.0,
    "Net Income Common Stockholders": 7232000000.0,
    "Net Income": 7232000000.0,
    "Net Income Including Noncontrolling Interests": 7232000000.0,
    "Net Income Discontinuous Operations": -107000000.0,
    "Net Income Continuous Operations": 7339000000.0,
    "Tax Provision": 104000000.0,
    "Pretax Income": 7443000000.0,
    "Other Income Expense": 36000000.0,
    "Other Non Operating Income Expenses": 86000000.0,
    "Special Income Charges": -132000000.0,
    "Write Off": 132000000.0,
    "Earnings From Equity Interest": NaN,
    "Gain On Sale Of Security": 82000000.0,
    "Net Non Operating Interest Income Expense": -381000000.0,
    "Interest Expense Non Operating": 694000000.0,
    "Interest Income Non Operating": 313000000.0,
    "Operating Income": 7788000000.0,
    "Operating Expense": 12163000000.0,
    "Other Operating Expenses": 862000000.0,
    "Research And Development": 8818000000.0,
    "Selling General And Administration": 2483000000.0,
    "Gross Profit": 19951000000.0,
    "Cost Of Revenue": 15869000000.0,
    "Total Revenue": 35820000000.0,
    "Operating Revenue": 35820000000.0,
    "symbol": "QCOM",
    "date": "2023-09-30"
  },
  {
    "Tax Effect Of Unusual Items": -41860000.0,
    "Tax Rate For Calcs": 0.13,
    "Normalized EBITDA": 17572000000.0,
    "Total Unusual Items": -322000000.0,
    "Total Unusual Items Excluding Goodwill": -322000000.0,
    "Net Income From Continuing Operation Net Minority Interest": 12986000000.0,
    "Reconciled Depreciation": 1762000000.0,
    "Reconciled Cost Of Revenue": 18635000000.0,
    "EBITDA": 17250000000.0,
    "EBIT": 15488000000.0,
    "Net Interest Income": -399000000.0,
    "Interest Expense": 490000000.0,
    "Interest Income": 91000000.0,
    "Normalized Income": 13266140000.0,
    "Net Income From Continuing And Discontinued Operation": 12936000000.0,
    "Total Expenses": 28340000000.0,
    "Total Operating Income As Reported": 15860000000.0,
    "Diluted Average Shares": 1137000000.0,
    "Basic Average Shares": 1123000000.0,
    "Diluted EPS": 11.37,
    "Basic EPS": 11.52,
    "Diluted NI Availto Com Stockholders": 12936000000.0,
    "Net Income Common Stockholders": 12936000000.0,
    "Net Income": 12936000000.0,
    "Net Income Including Noncontrolling Interests": 12936000000.0,
    "Net Income Discontinuous Operations": -50000000.0,
    "Net Income Continuous Operations": 12986000000.0,
    "Tax Provision": 2012000000.0,
    "Pretax Income": 14998000000.0,
    "Other Income Expense": -463000000.0,
    "Other Non Operating Income Expenses": -141000000.0,
    "Special Income Charges": -47000000.0,
    "Write Off": 47000000.0,
    "Earnings From Equity Interest": -7000000.0,
    "Gain On Sale Of Security": -275000000.0,
    "Net Non Operating Interest Income Expense": -399000000.0,
    "Interest Expense Non Operating": 490000000.0,
    "Interest Income Non Operating": 91000000.0,
    "Operating Income": 15860000000.0,
    "Operating Expense": 9705000000.0,
    "Other Operating Expenses": -1059000000.0,
    "Research And Development": 8194000000.0,
    "Selling General And Administration": 2570000000.0,
    "Gross Profit": 25565000000.0,
    "Cost Of Revenue": 18635000000.0,
    "Total Revenue": 44200000000.0,
    "Operating Revenue": 44200000000.0,
    "symbol": "QCOM",
    "date": "2022-09-30"
  },
  {
    "Tax Effect Of Unusual Items": 99720000.0,
    "Tax Rate For Calcs": 0.12,
    "Normalized EBITDA": 11584000000.0,
    "Total Unusual Items": 831000000.0,
    "Total Unusual Items Excluding Goodwill": 831000000.0,
    "Net Income From Continuing Operation Net Minority Interest": 9043000000.0,
    "Reconciled Depreciation": 1582000000.0,
    "Reconciled Cost Of Revenue": 14262000000.0,
    "EBITDA": 12415000000.0,
    "EBIT": 10833000000.0,
    "Net Interest Income": -476000000.0,
    "Interest Expense": 559000000.0,
    "Interest Income": 83000000.0,
    "Normalized Income": 8311720000.0,
    "Net Income From Continuing And Discontinued Operation": 9043000000.0,
    "Total Expenses": 23777000000.0,
    "Total Operating Income As Reported": 9789000000.0,
    "Diluted Average Shares": 1149000000.0,
    "Basic Average Shares": 1131000000.0,
    "Diluted EPS": 7.87,
    "Basic EPS": 7.99,
    "Diluted NI Availto Com Stockholders": 9043000000.0,
    "Net Income Common Stockholders": 9043000000.0,
    "Net Income": 9043000000.0,
    "Net Income Including Noncontrolling Interests": 9043000000.0,
    "Net Income Discontinuous Operations": 0.0,
    "Net Income Continuous Operations": 9043000000.0,
    "Tax Provision": 1231000000.0,
    "Pretax Income": 10274000000.0,
    "Other Income Expense": 961000000.0,
    "Other Non Operating Income Expenses": 130000000.0,
    "Special Income Charges": -33000000.0,
    "Write Off": 33000000.0,
    "Earnings From Equity Interest": 13000000.0,
    "Gain On Sale Of Security": 864000000.0,
    "Net Non Operating Interest Income Expense": -476000000.0,
    "Interest Expense Non Operating": 559000000.0,
    "Interest Income Non Operating": 83000000.0,
    "Operating Income": 9789000000.0,
    "Operating Expense": 9515000000.0,
    "Other Operating Expenses": NaN,
    "Research And Development": 7176000000.0,
    "Selling General And Administration": 2339000000.0,
    "Gross Profit": 19304000000.0,
    "Cost Of Revenue": 14262000000.0,
    "Total Revenue": 33566000000.0,
    "Operating Revenue": 33566000000.0,
    "symbol": "QCOM",
    "date": "2021-09-30"
  },
  {
    "Tax Effect Of Unusual Items": NaN,
    "Tax Rate For Calcs": NaN,
    "Normalized EBITDA": NaN,
    "Total Unusual Items": NaN,
    "Total Unusual Items Excluding Goodwill": NaN,
    "Net Income From Continuing Operation Net Minority Interest": NaN,
    "Reconciled Depreciation": NaN,
    "Reconciled Cost Of Revenue": NaN,
    "EBITDA": NaN,
    "EBIT": NaN,
    "Net Interest Income": NaN,
    "Interest Expense": NaN,
    "Interest Income": NaN,
    "Normalized Income": NaN,
    "Net Income From Continuing And Discontinued Operation": NaN,
    "Total Expenses": NaN,
    "Total Operating Income As Reported": NaN,
    "Diluted Average Shares": NaN,
    "Basic Average Shares": NaN,
    "Diluted EPS": NaN,
    "Basic EPS": NaN,
    "Diluted NI Availto Com Stockholders": NaN,
    "Net Income Common Stockholders": NaN,
    "Net Income": NaN,
    "Net Income Including Noncontrolling Interests": NaN,
    "Net Income Discontinuous Operations": NaN,
    "Net Income Continuous Operations": NaN,
    "Tax Provision": NaN,
    "Pretax Income": NaN,
    "Other Income Expense": NaN,
    "Other Non Operating Income Expenses": NaN,
    "Special Income Charges": NaN,
    "Write Off": NaN,
    "Earnings From Equity Interest": -21000000.0,
    "Gain On Sale Of Security": NaN,
    "Net Non Operating Interest Income Expense": NaN,
    "Interest Expense Non Operating": NaN,
    "Interest Income Non Operating": NaN,
    "Operating Income": NaN,
    "Operating Expense": NaN,
    "Other Operating Expenses": -28000000.0,
    "Research And Development": NaN,
    "Selling General And Administration": NaN,
    "Gross Profit": NaN,
    "Cost Of Revenue": NaN,
    "Total Revenue": NaN,
    "Operating Revenue": NaN,
    "symbol": "QCOM",
    "date": "2020-09-30"
  }
]